2706 4718
582 458 777 526 —13—

142 634 435 707 madvertendum
459 636 564 709 etiam
584 642 617 709 et
639 646 730 710 artes
751 637 848 709 illius
868 637 980 710 atatis
995 638 1118 711 eodem
1136 661 1209 712 una

143 768 365 866 spectavisse.
393 772 524 858 «Nam,
545 771 592 842 ait
613 770 721 864 idem,
744 793 814 866 quo
830 771 920 844 duce
939 770 1040 843 valde
1055 768 1208 843 delecta-

143 924 236 986 mur,
259 910 298 975 ut
321 902 479 1000 Euripidi
506 925 546 976 ea
570 902 750 999 praecipua
773 903 850 975 laus
870 877 1009 998 tragica
1029 903 1113 975 artis
1132 921 1207 974 esse

142 1033 326 1107 videbatur
355 1037 381 1108 si
410 1035 444 1107 id
472 1037 606 1133 optime
634 1035 859 1132 expressisset
885 1036 979 1131 quod
1008 1036 1206 1108 humanum

141 1175 212 1258 est;
235 1172 283 1243 ita
301 1171 495 1268 sculptores
511 1195 652 1268 quoque
667 1181 700 1246 et
720 1173 872 1268 pictores
887 1171 924 1244 id
939 1170 1116 1268 imprimis
1132 1177 1208 1243 stu-

142 1303 272 1378 debant
294 1313 332 1378 ut
350 1307 460 1379 animi
485 1307 634 1380 huniani
659 1307 804 1381 affectos
828 1329 892 1402 per
913 1306 1066 1395 sormam
1085 1313 1118 1378 et
1141 1327 1207 1379 co-

141 1438 254 1512 lorem
279 1447 446 1538 tanquam
476 1443 606 1539 tragice
631 1443 854 1539 effingerent.
884 1444 999 1527 Quem
1022 1441 1067 1514 ad
1095 1441 1206 1514 finem

141 1574 234 1664 illos,
251 1599 361 1670 quum
376 1577 558 1674 Euripides
576 1577 759 1674 exemplis,
780 1584 856 1649 tum
871 1598 1033 1650 sermone
1048 1576 1208 1650 Socrates

142 1707 393 1782 cohortabatur
413 1737 421 1782 :
444 1709 539 1806 quod
562 1709 735 1806 significat
756 1709 868 1805 ornatio
888 1731 995 1807 quam
1015 1709 1113 1805 apud
1131 1710 1207 1781 Xe-

141 1842 359 1939 nophontem
386 1844 430 1916 ad
465 1843 690 1917 Parrhasium
717 1850 752 1918 et
785 1843 996 1917 statuarium
1031 1843 1205 1916 Clitonem

140 1974 285 2048 adhibet
305 1975 361 2050 ¹.»
469 1991 473 1998 ’

190 2109 374 2207 Euripides
402 2109 497 2183 onim
531 2111 566 2182 in
599 2133 641 2184 eo
672 2133 754 2183 cum
787 2109 954 2204 sophistis
987 2110 1148 2206 primum
1173 2116 1206 2183 et
1277 2155 1286 2175 r

141 2244 269 2319 deinde
297 2248 374 2344 ipso
407 2250 549 2321 Socrate
577 2248 765 2337 consentit,
790 2247 899 2341 quod,
925 2253 964 2318 nt
988 2247 1013 2318 ii
1042 2246 1207 2343 philoso-

141 2380 275 2477 phiam,
297 2380 346 2454 ita
365 2381 438 2477 ipse
458 2380 607 2454 heroam
631 2390 666 2455 et
691 2403 797 2477 poene
823 2380 979 2453 divinam
999 2380 1153 2475 AEschyli
1173 2386 1209 2452 et

143 2513 325 2610 Sophoclis
343 2514 550 2610 tragoediam
566 2514 611 2586 ad
632 2514 869 2587 humanarum
887 2535 1007 2587 rerum
1028 2513 1208 2586 veritatem

142 2647 291 2722 reducit.
310 2650 420 2745 Cujus
440 2647 586 2744 quidem
609 2646 739 2721 sabulis
759 2647 867 2721 totius
887 2648 979 2737 vitae,
1001 2645 1157 2744 publicae
1175 2659 1209 2720 et

121 2779 297 2876 privatae,
332 2781 480 2877 effigies,
515 2787 549 2853 et
588 2782 777 2856 hominum
817 2805 947 2872 mores,
984 2788 1018 2855 et
1057 2779 1211 2877 quihus-

143 2938 284 3011 cunque
307 2915 439 2988 moveri
462 2914 616 2988 solemus
641 2916 808 2990 contrarii
831 2916 977 2990 affectus
999 2914 1212 3011 exprimun-
1287 2906 1294 2922 '

144 3058 212 3123 tur.
238 3051 422 3124 Hominem
446 3023 547 3122 dicas·
569 3051 735 3146 tragicam
762 3074 918 3144 scenam,
945 3051 1064 3146 eiectis
1088 3050 1208 3122 numi-

142 3183 261 3273 nibus,
289 3182 354 3257 sibi
380 3183 587 3272 vindicasse,
610 3192 650 3258 ut
675 3207 776 3259 suam
801 3185 867 3258 sibi
896 3183 1206 3281 contemplandam

141 3314 330 3413 imaginem
358 3319 551 3414 praeferret.
583 3320 719 3394 Deinde
740 3321 769 3394 si
792 3320 836 3393 ad
864 3320 944 3393 illas
964 3319 1153 3392 sententias
1173 3324 1207 3391 et

142 3450 411 3549 disceptationes
441 3455 646 3550 respexeris,
672 3453 801 3550 quihus
833 3452 1009 3551 Euripidis
1030 3474 1202 3550 personae,

140 3584 194 3657 rel
228 3588 380 3660 maxime
410 3610 431 3659 a
461 3585 735 3684 philosophandi
776 3587 1027 3662 exercitatione
1066 3585 1204 3672 alienae,

141 3719 263 3813 quales
281 3720 439 3810 Hecuba,
460 3720 605 3812 Helena,
629 3725 768 3796 Orestes
793 3729 827 3795 et
842 3720 1036 3811 alii,nulia
1057 3719 1104 3792 rei
1123 3719 1209 3792 loci-

141 3875 181 3926 re
200 3852 321 3927 hahita
344 3854 493 3943 ratione,
514 3854 658 3929 recitata
681 3854 914 3942 intercidunt,
936 3875 1057 3927 uonne
1077 3851 1209 3950 patebit

178 4108 198 4154 t.
216 4107 281 4168 ibid,
295 4113 314 4157 t.
328 4107 348 4166 1,
366 4123 391 4171 p.
409 4111 462 4158 tta.
