2706 4718
581 466 626 479 ..
654 429 699 498 53
727 465 773 476 ..

191 577 235 647 1-1.
257 576 422 662 Quamvis
443 575 571 671 cuique
581 576 655 671 jam
675 581 791 672 pateat
804 567 1010 671 Euripidem
1024 578 1113 651 ineo
1126 600 1199 652 rere

144 712 359 786 Socraticum
385 712 491 784 inisse
516 712 612 807 quod
635 711 732 798 deos,
755 716 875 806 utpote
901 710 961 806 qui
979 732 1000 782 a
1019 717 1114 784 recto
1133 710 1202 783 dis-

144 847 320 937 cederent,
343 848 386 921 de
404 847 487 944 ipsis
505 848 646 944 templis
661 846 955 934 exterminaverit,
973 869 1045 920 non
1064 845 1144 919 ideo
1157 845 1172 917 s
1187 886 1202 897 ·

145 983 247 1056 uilius
266 982 461 1079 dijudicare
487 982 574 1078 qnid
596 982 671 1078 ipsa
691 1004 808 1055 revera
834 981 878 1054 de
899 979 1025 1053 divinis
1045 980 1199 1054 senserit.

145 1122 250 1190 Estne
268 1119 383 1190 Deus?
410 1117 492 1214 quis
517 1124 552 1190 et
571 1117 708 1213 qualis?
727 1115 930 1189 numinisne
957 1123 1078 1189 mente
1092 1122 1203 1210 atqua

144 1251 278 1324 ratione
299 1273 353 1322 res
372 1250 861 1324 humanaeadministrantur‘t
878 1251 938 1346 qui
959 1249 1077 1322 cultus
1094 1257 1128 1322 et
1141 1249 1202 1321 ho·

145 1408 247 1458 nores
267 1388 338 1458 Deo
349 1384 540 1458 adhibendi
562 1390 664 1456 sunt?
681 1363 791 1457 animi
807 1408 852 1458 ne
867 1383 1112 1481 deniqueoum
1131 1405 1203 1487 oor·¹

144 1519 289 1615 poribus
309 1525 421 1592 morte
436 1519 628 1592 delentur?
648 1522 698 1593 De
724 1518 905 1615 plerisque
926 1518 982 1590 his
998 1517 1104 1591 rebus
1124 1515 1203 1613 quid

125 1632 325 1728 sententiae
349 1654 455 1727 suerit
471 1655 602 1728 Socrati
627 1655 710 1727 satis
721 1664 868 1728 notum.
888 1653 1065 1739 Quoniam
1090 1658 1202 1724 autem

41 1846 48 1863 ,
144 1787 321 1884 Euripidis
337 1811 495 1884 persona
515 1788 585 1860 sive
604 1788 683 1861 aliae
696 1787 742 1861 ab
755 1787 844 1877 aliis,
858 1763 1027 1883 sise'ipsae
1041 1807 1062 1858 a
1075 1807 1112 1858 se
1123 1783 1203 1881 ipsis

71 1977 74 1982 .
144 1923 275 2005 mirum
295 1922 332 1993 iu
351 1923 498 1995 modum
517 1921 700 2010 dissident,
722 1926 783 2018 qui
804 1923 892 1995 seire
907 1943 1094 2017 possumus
1119 1917 1201 2015 quid

144 2056 210 2152 ipsi
224 2064 337 2153 poetae
357 2054 400 2128 de
420 2056 475 2128 his
494 2055 675 2134 videatur?
699 2057 888 2129 Tamaniu
910 2056 964 2128 his
984 2076 1126 2151 quoque
1144 2075 1202 2126 re-

144 2190 209 2262 bus
229 2213 300 2264 non
320 2191 445 2264 inutile
464 2190 529 2264 erit
551 2197 673 2264 notare
692 2191 720 2262 si
748 2191 833 2287 quid
854 2190 1005 2286 aiicujus
1033 2188 1200 2263 momenti

145 2323 421 2398 essevidehitur.
889 2311 891 2315 ’
1039 2308 1073 2316 ”

194 2462 243 2531 Ac
263 2461 418 2557 primum
440 2459 629 2556 nequimus
648 2481 720 2531 non
744 2456 932 2551 anquirere
954 2462 1076 2529 utrum
1099 2454 1205 2527 Euri·

144 2564 255 2690 pides,
272 2597 384 2668 Deum
420 2594 575 2690 aliquem
611 2615 685 2666 esse
718 2590 863 2664 senserit
893 2564 1019 2663 necne.
1057 2593 1147 2662 Nam
1173 2589 1199 2660 si

144 2732 256 2801 Deum
287 2728 428 2801 nullum
455 2725 531 2802 esse
562 2726 788 2815 existimarit,
814 2724 965 2797 neminis
999 2725 1073 2819 jam
1104 2722 1229 2797 nobis»

145 2863 301 2936 rideatur
330 2863 397 2934 nisi
436 2862 594 2957 Diagorae
639 2864 901 2956 et·Protagorae
937 2867 970 2933 et
1007 2864 1205 2976 qeterorum

144 2995 382 3091 sophistarum
417 2994 624 3092 discipulus.
665 2994 799 3079 Quibus
827 3001 945 3067 autem
982 2992 1069 3064 loeis
1106 2990 1207 3064 Euri-

142 3130 239 3228 pides
276 3154 408 3203 numen
444 3130 625 3227 quodlibet
655 3130 826 3223 infitiatus
846 3123 939 3203 'esse'
967 3128 1132 3218 habetur,
1163 3127 1199 3216 ii,

143 3237 380 3358 preterquam
418 3261 514 3357 quod
552 3261 729 3334 rarissime
765 3265 972 3349 occurrunt,
1008 3281 1088 3331 mea
1121 3258 1206 3353 qui-

143 3389 231 3466 d'em
262 3393 452 3481 sententia,
492 3416 562 3467 non
598 3394 752 3467 multum
783 3392 897 3465 valent
928 3417 936 3465 ε
968 3392 1005 3464 in
1036 3412 1206 3488 personas

142 3526 238 3600 enirn
258 3529 494 3624 potiusquam
515 3520 556 3599 in'
571 3528 685 3624 ipsum
707 3533 847 3623 poetam
867 3526 1011 3598 eadunt.
1032 3526 1107 3597 lmo
1128 3523 1228 3621 plu¹⁸

144 3683 197 3733 res
213 3661 306 3734 locos
320 3662 478 3757 proferre
487 3684 674 3758 possumus
691 3662 729 3733 in
749 3659 876 3756 quibus
893 3658 1077 3756 Euripides
1092 3661 1205 3739 Deum

143 3814 230 3880 esse,
253 3800 286 3865 et
301 3815 321 3864 a
338 3795 409 3866 Deo
429 3793 617 3866 hominum
636 3790 755 3890 generi
777 3792 938 3864 universo
953 3788 1128 3888 provideri
1147 3790 1206 3862 as-

146 3925 276 3998 firrrrat.

194 4062 245 4133 De
265 4069 389 4134 natura
408 4070 526 4134 autom
548 4062 607 4136 Dei
627 4061 713 4159 quid
733 4059 943 4156 Euripides?
964 4059 1101 4134 Soimus
1123 4058 1207 4154 qui-
