2706 4718
578 535 625 546 ..
654 499 692 565 41
725 535 772 546 ..

147 674 217 749 que
235 672 318 724 vero
330 649 393 747 hos
406 647 549 736 violent,
572 668 632 719 eos
650 667 771 742 pmnns
790 644 900 736 luere,
925 670 1010 742 ques
1031 645 1132 719 nulla
1152 669 1212 719 ra-

146 786 243 860 tione
267 782 400 880 possint
417 781 537 870 uitare,
562 801 640 853 eam
659 786 789 853 contra·
802 780 922 877 legum
940 780 984 854 ab
1004 780 1210 854 hominibus

146 920 299 992 latarum
313 938 388 989 esse
407 896 661 1003 conditionem,
685 919 724 985 ut
746 915 806 1008 qui
825 936 883 987 eus
902 914 1110 1010 transgressi
1128 914 1211 986 lue-

147 1054 230 1140 rint,
251 1054 345 1149 justn
364 1050 550 1147 supplicia,
577 1049 630 1122 uel
649 1047 791 1122 latendo
815 1048 867 1122 vel
899 1049 930 1120 vi
956 1047 1130 1139 adhibito,
1150 1050 1210 1120 in-

146 1183 483 1280 terdnmellugiant;
507 1182 635 1256 deinde
649 1183 763 1278 legem
778 1182 977 1256 naturalem
996 1182 1222 1257 violantibus·

135 1342 269 1419 peenas
286 1342 383 1393 exeo
403 1318 479 1416 ipso
504 1317 540 1389 in
561 1341 631 1414 quo
652 1316 862 1413 deliquerint
884 1318 1082 1416 proficisci,
1113 1319 1211 1415 quod

150 1453 292 1551 quidem
327 1453 464 1526 sortiter
507 1451 664 1524 affirmat
691 1454 870 1540 Socrates,
906 1451 991 1524 dum
1030 1451 1211 1526 conclu-dit

115 1604 118 1609 '
147 1595 205 1664 τὸυς
227 1598 322 1676 sipon<
344 1593 439 1663 αὐτοὺς
452 1599 506 1662 τοῖς
531 1592 721 1676 reputatum:
739 1592 786 1663 τὰς
799 1594 926 1677 τιμωρίας
940 1586 1047 1678 ἔχειν’.
1079 1590 1126 1658 Ee
1162 1595 1212 1660 θεῖ

147 1729 241 1795 recte
259 1742 421 1817 expresse
440 1721 592 1816 lepitimt
609 1728 642 1794 et
656 1723 748 1818 equi
765 1721 957 1794 distinctio.

193 1853 367 1939 Quoniam
390 1854 428 1926 id
448 1853 602 1928 maxime
628 1878 740 1927 unum
762 1853 804 1928 nd
825 1856 1039 1931 Socraticam
1056 1854 1213 1951 discipli-

144 2010 224 2060 nam
245 1989 410 2084 pertinet,
432 2009 502 2060 non
525 1986 587 2059 ebs
608 2011 644 2062 re
664 1989 821 2063 alienum
838 1988 974 2062 videtur
988 2010 1146 2086 quaerere
1166 2011 1212 2083 en

143 2123 229 2219 quid
247 2122 397 2218 hujusce
416 2121 512 2196 modi
540 2123 708 2197 doctrine
734 2126 830 2220 apud
856 2125 1061 2222 Euripidem
1086 2124 1211 2220 depre-

143 2257 249 2330 hendi
265 2257 387 2352 possit.
406 2259 570 2329 Ceterum
584 2257 727 2331 cuilibet
743 2264 956 2332 succurrunt
970 2258 1041 2331 duo
1056 2257 1212 2333 celeber·

147 2389 226 2461 l‘lml
246 2388 314 2461 loci
336 2391 372 2460 ln
391 2386 521 2485 qulbus
538 2367 869 2487 SophOCleS'tlppcmc
882 2402 1007 2484 κάσφαλῆ
1021 2403 1087 2460 θεῶν
1101 2398 1214 2480 νόμιμα’

144 2523 330 2618 magnifice
344 2521 526 2619 praedicnt,
547 2517 585 2585 ὧν
601 2527 742 2607 Ὄλυμπος
755 2528 844 2612 πατὴρ
859 2526 967 2616 pond,
986 2533 1092 2622 etque
1108 2526 1214 2598 etiam

148 2657 286 2731 Pindari
313 2657 449 2730 dictum
470 2680 489 2729 e
509 2658 715 2753 fragmentis
732 2667 936 2756 excerptum
960 2683 969 2732 τ

408 2880 581 2896 ......
606 2834 684 2895 Κατὰ
698 2835 774 2921 φύσιν

404 2930 492 3010 Νόμος
506 2937 521 2992 ὁ
535 2932 643 2995 πάντων
659 2931 780 3014 βασιλεὺς

403 3034 519 3093 Θνατῶν
531 3055 560 3092 τε
575 3032 620 3092 καὶ
632 3033 783 3095 ἀθανάτων.

146 3197 245 3270 Unde
264 3196 300 3268 in
321 3195 515 3292 quaestione
538 3199 667 3270 versari
687 3198 797 3295 possit
817 3207 938 3270 utrum
958 3197 1056 3278 illam
1083 3220 1208 3271 novum

142 3338 172 3403 et
194 3329 424 3403 excellentem
440 3330 649 3403 sententiam
665 3339 778 3428 poetae
796 3353 816 3403 a
834 3328 1111 3427 plrilosophisan
1127 3326 1207 3424 phi-

141 3465 277 3563 losophi
295 3465 440 3561 apoetis
455 3466 586 3540 luerint
603 3467 769 3542 mutuati.
790 3470 866 3552 Qun
881 3465 1119 3539 controversie
1137 3485 1206 3535 ne-

141 3601 269 3696 glecta,
291 3598 423 3670 mirum
442 3600 588 3675 omnino
608 3600 709 3675 nobis
744 3599 931 3688 videretur,
965 3597 992 3670 si
1019 3595 1208 3693 Euripides

143 3732 264 3829 idjam
285 3745 311 3805 a·
324 3727 499 3827 Sophocle
519 3733 711 3830 prolatum,
745 3754 887 3828 quoque
912 3731 1002 3804 nihil
1023 3731 1134 3825 magis
1148 3752 1209 3802 so-

143 3867 315 3939 craticum
337 3866 440 3962 sopit,
462 3875 576 3941 totum
597 3867 783 3963 omisisset.

177 4083 197 4128 l.
212 4080 290 4129 Mein.
305 4081 322 4128 l.
338 4080 378 4138 ll',
394 4094 416 4129 c.
436 4095 468 4131 tt.
485 4082 523 4130 Cl.
541 4081 593 4130 Cir.
612 4081 643 4130 dc
660 4080 752 4146 Repub.
769 4080 786 4130 l.
803 4083 847 4140 lll,
865 4097 888 4130 c.
903 4096 951 4131 xvu
965 4097 971 4130 :
986 4100 997 4124 n
1015 4081 1140 4144 Untlsquc
1159 4078 1208 4126 erit

144 4161 303 4222 cummunis,
317 4163 366 4210 etc.
377 4184 385 4203 »ι
401 4188 428 4196 -
441 4165 465 4211 2.
480 4163 566 4225 Antip.
580 4175 604 4209 v.
619 4165 664 4212 too
676 4166 702 4211 et
713 4166 833 4224 susp-3.
843 4162 935 4228 OEdip.
949 4163 1009 4212 lter.
1019 4175 1043 4209 u.
1053 4162 1098 4210 866
1112 4160 1138 4208 et
1150 4172 1207 4223 sqq.
