2706 4718
585 450 630 463 ..
661 416 701 482 17
730 451 777 464 ...

147 583 241 649 mus,
265 559 367 634 tacite
396 560 542 658 intelligi
572 570 685 659 potest
717 572 887 660 quantum
906 559 951 634 ab
976 582 1018 634 eo
1051 562 1209 636 Socrates

145 691 382 767 abhorruerit.
1119 774 1123 781 ,

197 829 289 899 Dum
309 827 416 922 igitur
434 828 627 922 quaerimus
645 851 690 901 au
713 827 911 924 Euripides,
938 826 1104 924 sophistis
1124 828 1210 923 qni·
1269 918 1273 925 Ι

144 961 225 1034 dem
244 968 414 1055 cognatus
430 961 484 1034 rel
500 961 632 1050 affinis,
652 961 824 1058 sophistas
842 961 1012 1036 tamenin
1033 961 1209 1056 tragoediis
1247 922 1256 948 Ι

144 1094 314 1169 socratico
344 1094 533 1168 insectatus
563 1095 682 1185 inerit,
714 1117 785 1169 non
819 1096 856 1168 id
887 1096 925 1168 in
950 1096 1071 1169 animo
1095 1101 1146 1167 est
1172 1103 1210 1166 ut
1241 1194 1244 1202 Ι

147 1231 241 1327 quod
262 1233 421 1306 Socrates
445 1231 489 1304 do
509 1237 583 1303 arte
607 1230 799 1326 sophistica
819 1206 934 1303 ¹sensit
963 1239 1206 1305 extenuemus.

149 1369 225 1439 lmo
244 1366 448 1462 Euripidem
476 1365 637 1439 conterre
660 1389 731 1438 nou
759 1357 1110 1439 dubitahtmus'cum
1133 1366 1210 1462 ipso

148 1499 299 1573 Socratis
313 1499 500 1596 discipulo,
521 1499 582 1595 qui
605 1497 718 1571 dictus
737 1498 804 1570 suit
826 1498 1062 1596 sophistarum
1083 1490 1210 1571 orimi-

148 1648 262 1732 nator,
291 1642 433 1715 Platone
462 1640 606 1730 scilicet,
634 1641 695 1738 qui
722 1640 895 1739 sophistas
924 1641 1013 1715 adeo
1040 1621 1211 1736 exquisite

148 1773 267 1863 irrisit,
290 1783 323 1848 et
342 1774 435 1847 idem
457 1774 488 1846 vi
513 1780 548 1847 et
568 1774 668 1871 copia
685 1781 976 1871 argumentorum
998 1775 1204 1847 confutavit.

198 1917 249 1988 lta
266 1915 361 1988 enim
380 1938 521 1989 oausam
544 1916 790 1989 constituimus
813 1941 821 1989 :
844 1915 1001 2013 quamvis
1022 1917 1210 2014 Euripides

147 2060 384 2155 sophistarum
409 2067 520 2133 artem
541 2060 578 2131 in
598 2084 740 2135 scenam
769 2060 967 2150 deduxisse,
990 2083 1056 2134 nec
1082 2059 1211 2134 imme-

147 2194 214 2267 rito
233 2195 390 2290 qnidam,
419 2195 510 2267 visus
543 2195 661 2286 inerit,
691 2219 810 2270 noune
838 2219 880 2269 ex
897 2197 1057 2291 ejusdam
1076 2204 1210 2292 tragoe-

147 2327 213 2401 diis
233 2328 396 2423 quaedam
409 2329 548 2424 excerpi
567 2336 727 2425 possunt,
751 2328 881 2425 quibus
902 2338 1022 2426 aparte
1041 2336 1075 2402 ct
1098 2330 1210 2402 rotol-

146 2460 241 2533 latur'
253 2468 288 2535 et
302 2445 512 2558 coarguatur
530 2485 586 2534 ars
604 2462 856 2559 sophistarum,
874 2470 910 2536 et
925 2486 1004 2558 quae
1024 2463 1122 2536 haud
1135 2464 1208 2536 scio

147 2618 191 2668 an
210 2597 254 2668 ad
275 2598 453 2670 Socratem
473 2595 590 2692 ipsum
610 2596 834 2670 reserantur?

197 2731 255 2802 Est
284 2729 427 2828 quidem
453 2729 637 2827 proprium
664 2729 901 2825 sophistarum
933 2753 1095 2803 sermone
1123 2753 1208 2827 por-

146 2883 242 2935 rerso
263 2864 325 2950 uti,
348 2871 381 2936 et
407 2863 546 2936 dicendi
578 2863 794 2952 facultatem,
822 2860 1048 2936 orer-borum
1069 2859 1208 2934 eallidi-

145 3000 215 3067 tate
233 3002 267 3068 et
286 2995 483 3092 prastigiis,
501 3016 572 3068 non
592 3018 634 3068 ex
648 3017 729 3068 vero
744 2994 901 3095 ductam,
919 2993 1034 3068 colere
1051 3001 1085 3067 et
1105 3015 1208 3067 com-

148 3129 325 3203 mendare.
353 3130 481 3226 Ecquis
505 3131 680 3203 antemio
706 3129 984 3203 commentitiam
1011 3128 1112 3202 istam
1133 3128 1207 3202 eto-

144 3263 323 3354 quontiam
381 3261 621 3336 vehementius
670 3261 734 3333 snit
786 3262 943 3335 invectus
991 3284 1098 3358 quam
1145 3261 1206 3333 ille

146 3396 341 3493 Euripides,
364 3420 475 3492 quum
497 3395 677 3470 Hecubam
697 3395 746 3468 sie
765 3395 939 3470 dicentem
960 3395 1122 3471 inducit:

216 3564 362 3636 Ingratum
376 3569 501 3620 restrum
517 3580 617 3635 genus,
638 3563 799 3635 quicunqne
814 3563 891 3634 apud
907 3564 1025 3637 vulgum
1042 3564 1184 3620 oratorios

213 3655 366 3711 sectamini
381 3656 506 3710 honoros
523 3672 529 3708 ε
546 3673 601 3709 nou
619 3653 831 3726 cognoscamini
844 3654 926 3723 mihi,

212 3744 266 3809 Qui
280 3745 386 3800 amicos
401 3744 535 3799 tradentes
550 3744 621 3799 nihii
640 3743 759 3809 curatis,

210 3833 238 3889 Si
253 3833 429 3890 multitudini
444 3834 480 3889 ad
495 3833 617 3906 gratiam
639 3831 740 3887 dicatis
756 3831 865 3903 aliquid
877 3833 897 3888 ¹.

172 4013 191 4060 t.
208 4011 318 4073 thenon,
334 4025 359 4060 r.
381 4014 492 4063 antrat.
512 4011 559 4062 Ed.
580 4012 678 4062 Firurin
698 4012 776 4062 Didot
794 4013 885 4075 (tort).
901 4038 929 4046 -
949 4012 1079 4073 Expressa
1097 4011 1130 4061 nd
1147 4027 1203 4063 ror·

141 4092 204 4140 trum
217 4091 389 4144 translatione
400 4093 544 4143 Ttroobutdi
559 4095 604 4143 tux
620 4094 764 4159 snpissiure
776 4097 881 4142 nosutot
895 4092 944 4156 ipsi
957 4090 998 4140 usi
1010 4090 1118 4143 suimus.
1212 4100 1216 4108 ·
