2706 4718
580 468 626 482 -
654 434 698 500 76
725 470 772 483 ..

142 577 305 674 tophanis
328 577 503 652 comoedia
521 581 679 654 Socrates
700 582 949 655 circumfertur
967 581 1153 654 affirmans
1172 606 1209 656 se

142 711 179 783 in
207 735 286 784 aere
313 712 496 787 ambulare
521 723 555 787 ct
577 716 779 813 complures
812 716 987 812 ejusmodi
1014 740 1125 814 nugas
1147 725 1202 805 ’,ν

142 869 213 918 non
234 845 398 942 culpatur
413 847 508 940 quod
527 847 618 921 inter
638 847 762 921 nubila
785 848 962 944 evagando
982 839 1104 922 inania
1121 871 1210 945 cap-

143 983 204 1067 tet,
232 978 291 1051 sed
318 980 414 1075 quod
440 1002 560 1052 rerum
590 988 753 1053 naturam
783 1003 847 1077 pro
875 980 939 1053 dea
966 980 1110 1054 habeat.
1143 985 1209 1054 Res

144 1111 291 1184 minime
312 1111 483 1185 obscura:
507 1136 589 1186 nam
605 1113 725 1186 Nubes
745 1114 894 1210 prodeo
921 1115 1080 1186 Socrates
1100 1137 1210 1188 vene-

146 1253 242 1317 rator
263 1245 288 1334 ²3
312 1269 441 1343 nempe
455 1250 578 1321 turem
595 1229 670 1321 e'sse
684 1247 838 1335 nullum,
857 1246 975 1320 Nubes
992 1254 1111 1320 autem
1133 1271 1209 1324 esse

144 1402 224 1474 quae
242 1381 338 1453 aerio
352 1380 496 1453 turbine
514 1381 697 1475 concitatae
711 1379 843 1453 imbres
859 1380 1042 1454 demittant
1062 1386 1088 1470 ³,
1113 1404 1208 1478 quo-

144 1515 238 1586 niam
268 1513 417 1610 Jupiter,
449 1513 585 1610 inquiet
618 1514 815 1602 Lucretius,
849 1513 1005 1611 pluviam
1033 1515 1070 1585 in
1096 1520 1207 1588 terras

193 1786 195 1788 V
304 1742 429 1758 .....
450 1703 604 1772 Nunquam
614 1701 683 1773 jacit
699 1682 827 1773 undique
841 1716 915 1773 puro
927 1670 962 1756 t,

145 1865 262 1938 Nubes
287 1864 441 1958 denique
465 1864 606 1937 easdem
635 1887 715 1959 quae
746 1892 760 1929 u
778 1863 981 1953 sententias,
1004 1869 1040 1935 et
1068 1861 1210 1951 dicendi

144 1998 384 2095 peritiam,et
407 2002 564 2095 mentem
588 2005 788 2092 suggerant,
812 2005 846 2068 et
864 1996 1072 2092 prestigias,
1096 2002 1131 2068 et
1153 1994 1206 2067 lo-

145 2111 371 2226 quacitatem,
388 2135 423 2200 et
440 2127 627 2218 fallaciam,
639 2137 673 2200 et
687 2130 951 2225 perceptionem
965 2138 991 2202 ⁸.
1007 2159 1022 2196 ν
1048 2129 1210 2225 Denique

147 2259 336 2358 Strepsiadi
361 2262 550 2333 Socrates:
694 2322 699 2330 .

209 2447 294 2509 ’Άλλο
307 2471 332 2506 τι
344 2448 401 2520 δῆτ’
418 2438 463 2508 οὖν
474 2453 571 2528 νομιεῖς
583 2443 634 2522 ἤδη
648 2448 706 2508 θεὸν
720 2447 794 2509 οὐδὲν
807 2445 877 2520 πλὴν
890 2448 957 2531 ἅπερ
967 2452 1062 2527 ἡμεῖς,

178 2607 181 2612 ,
204 2545 235 2606 τὸ
248 2545 321 2614 Χάος
336 2546 410 2606 τουτὶ
424 2547 468 2607 καὶ
482 2545 529 2616 τὰς
543 2545 663 2632 Νεφέλας
675 2545 720 2607 aiu
734 2544 784 2619 τὴν
796 2547 933 2627 γλῶτταν,
947 2545 1007 2629 τρία
1019 2543 1113 2636 ταντί6
1131 2569 1144 2620 3,

196 2719 293 2791 idem
319 2717 601 2813 certeEuripidi
630 2714 1039 2812 Aristophanesobjicit.
1064 2718 1142 2787 tam
1168 2716 1205 2786 in

149 2853 508 2950 Thesmophoriaaasir
526 2853 713 2926 mulierem
734 2853 923 2949 quamdam
953 2851 1136 2924 induxerat
1159 2852 1210 2926 sic

144 2993 283 3081 poetam
297 2986 538 3079 increpantem
558 3009 566 3056 :
1032 2971 1037 2982 ’

303 3177 359 3234 Νῦν
374 3173 397 3231 δ’
399 3165 475 3240 οὗτος
489 3175 516 3232 ἐν
530 3178 614 3233 ταῖσιν
627 3173 782 3256 τραγῳδίαις
794 3179 876 3234 ποιῶν

303 3270 363 3342 τοὺς
376 3271 472 3354 ἄνδρας
488 3272 659 3333 ἀναπέπεικεν
672 3275 720 3356 aba
734 3264 796 3334 εἶναι
810 3273 881 3342 θεούς
892 3277 915 3334 7.

193 3446 316 3540 Neque
332 3468 404 3517 rem
425 3446 554 3518 omittit
575 3431 759 3520 inlicitis.¹
776 3449 852 3530 Qua
872 3446 908 3517 in
924 3445 1043 3519 sabula
1062 3446 1204 3521 Aristo-

146 3580 280 3676 phanes
309 3602 381 3652 non
409 3582 514 3654 modo
543 3581 745 3687 Euripidem
768 3590 907 3652 accusat
933 3580 1029 3677 quod
1054 3562 1203 3653 deorum

148 3717 363 3813 majestatem
383 3715 547 3790 licentius
570 3715 766 3790 cavillando
785 3714 981 3806 elevaverit,
1003 3715 1204 3805 sedetiam,
1259 3767 1262 3772 -

46 3900 48 3904 ⁷
96 3943 98 3945 ¹
180 3899 547 3989 1.Αροί.δοον.-2.“Νιιὸ.
570 3939 594 3973 v.
617 3926 662 3975 365
682 3927 709 3974 et
724 3937 793 3988 pass.
812 3951 841 3960 -
862 3926 884 3973 3.
905 3923 944 3972 ld.
960 3938 985 3977 ν.
1000 3926 1045 3974 309
1060 3926 1087 3973 et
1100 3936 1158 3987 sqq.
1179 3952 1208 3960 —

148 4009 170 4056 t.
185 4004 223 4054 De
239 4007 299 4056 Ναί.
316 4021 367 4062 rer.
382 4006 399 4054 l.
414 4006 456 4064 VI,
474 4021 499 4055 ν.
516 4009 569 4057 too.
588 4033 616 4042 -
635 4010 657 4056 a.
673 4003 739 4055 Nub.
756 4020 780 4054 ν,
798 4008 843 4056 316
862 4008 888 4055 et
902 4019 959 4069 sqq.
977 4032 1006 4042 -
1021 4006 1044 4053 6.
1065 4003 1103 4052 id.
1121 4017 1147 4052 ν.
1164 4007 1209 4055 423

148 4090 174 4136 et
187 4089 241 4137 mr.
256 4112 286 4123 -
297 4090 320 4137 7.
338 4085 485 4150 Thesmoptr.
499 4101 524 4134 v.
535 4089 580 4136 400
595 4089 620 4135 et
634 4088 689 4136 451.
1253 4094 1256 4098 '
