2706 4718
586 511 631 522 -
659 475 704 542 al
732 511 777 524 ..

142 643 259 715 quum
291 620 420 693 infitias
458 630 538 694 eant
575 628 668 694 certa
704 642 778 693 esse
813 617 977 716 quadam
1009 618 1209 692 officiorum

145 760 333 848 praeopta,
376 775 491 849 neqne
528 776 745 849 quemquam
786 753 894 826 aliurn
933 752 1010 823 vitae
1044 751 1210 825 hnmanae

142 887 248 956 linem
267 885 334 958 nisi
356 885 568 982 voluptatem
590 909 784 984 proponere
806 885 899 959 soliti
919 887 1002 993 sint.

192 1021 351 1091 Socrates
370 1020 516 1114 ejusque
536 1019 698 1116 discipuli
727 1019 833 1116 primi
861 1019 1067 1115 religionem
1088 1042 1205 1116 popo·
1259 1099 1268 1111 ¹

145 1150 255 1225 larem
275 1158 314 1224 ut
329 1150 423 1225 bono
442 1161 474 1225 et
495 1153 643 1226 honesto
661 1153 875 1226 contrariam
895 1157 1117 1248 respuerunt.

188 1284 234 1355 Ut
248 1307 369 1357 rernm
391 1293 506 1357 tamen
526 1284 665 1380 loquar,
688 1287 858 1372 Socrates,
881 1284 996 1380 qualis
1016 1285 1052 1355 in
1067 1267 1212 1358 Memo-¹

146 1422 312 1496 rabilibus
330 1423 524 1519 effingitur,
548 1447 620 1497 non
641 1423 847 1519 religionem
868 1423 981 1518 ipsam
999 1422 1209 1518 videturag-

142 1554 251 1650 gredi.
275 1557 350 1628 lmo
375 1556 524 1630 miratur
543 1559 742 1667 Xenophon
764 1580 834 1653 quo
855 1565 956 1654 pacto
976 1558 1208 1632 Athenienses

144 1711 351 1785 persuasum
367 1690 568 1798 =habuerint
593 1694 772 1765 Socratem
802 1713 875 1764 non
906 1696 1001 1762 recte
1029 1689 1073 1761 de
1104 1687 1208 1762 rebus

144 1823 270 1895 divinis
298 1824 461 1914 sensisse,
493 1856 508 1891 n
532 1849 644 1923 quum
672 1825 733 1898 ille
753 1823 844 1896 nihil
865 1845 1024 1919 unquam
1044 1822 1143 1919 impii
1170 1823 1207 1894 in

147 1956 230 2031 deos
255 1957 307 2030 vel
331 1958 457 2032 dixerit
482 1958 537 2033 vel
560 1959 797 2046 commiserit,
827 1959 1016 2055 potiusque
1035 1958 1085 2030 sic
1104 1957 1149 2029 de
1167 1957 1208 2027 iis

147 2095 179 2161 et
199 2088 339 2162 loeutus
370 2090 414 2162 sit
437 2098 471 2164 et
493 2091 529 2162 in
553 2114 612 2165 eos
630 2115 667 2166 se
685 2092 842 2188 gesserit,
867 2097 906 2163 nt
925 2092 952 2163 si
974 2091 1053 2187 quis
1072 2111 1113 2163 ea
1132 2096 1208 2161 tum

148 2224 240 2297 dicat
258 2232 336 2297 tnm
358 2225 477 2316 laciat,
506 2227 549 2299 sit
570 2234 676 2324 atque
690 2226 813 2301 haberi
842 2226 968 2301 debeat
993 2224 1209 2322 religiosissi-

147 2363 258 2430 mus'.
274 2361 430 2432 »Contra
448 2362 567 2456 primo
588 2362 791 2459 responderi
808 2367 920 2457 potest
941 2383 1013 2434 non
1033 2381 1115 2433 eum
1131 2381 1207 2432 esse

147 2492 417 2588 Xenophontem
438 2496 597 2589 qoosatis
609 2502 704 2570 cerlo
714 2502 858 2569 auclore
868 2499 991 2583 stetur,
1007 2499 1041 2566 et
1054 2514 1136 2566 sane
1150 2493 1206 2565 in-

146 2625 249 2697 lirma
263 2648 338 2699 esse
350 2634 558 2722 argumenta
573 2626 702 2723 quibus
719 2627 853 2700 crimen
869 2627 1058 2724 impietatis
1074 2625 1205 2700 Socrati

144 2757 324 2855 objectum
341 2767 490 2833 conatur
505 2760 684 2850 relellcre;
714 2760 842 2834 deinde
865 2760 1017 2833 Socratis
1034 2759 1206 2833 moralem

144 2891 369 2989 disciplinam
391 2903 468 2982 (nee
487 2895 617 2969 veroid
638 2895 762 2969 lelellit
779 2895 855 2991 ejus
868 2900 1102 2979 accusatores)
1117 2893 1206 2966 adeo

144 3047 225 3096 eum
245 3023 378 3121 volgari
397 3014 576 3124 religione,
594 3029 639 3101 ad
655 3026 820 3102 lovendas
837 3027 1025 3101 hominum
1040 3024 1206 3098 libidines

142 3162 291 3247 omnino
305 3163 511 3262 composita,
535 3185 706 3260 pugnare,
729 3168 765 3235 ut
785 3184 856 3235 una
874 3161 1021 3262 alteram
1040 3160 1203 3232 lunditus

140 3316 181 3367 ac
204 3295 403 3370 necessario
422 3304 561 3371 evertat.
587 3297 669 3371 ldeo
688 3294 790 3369 nobis
813 3296 909 3367 Plato
930 3293 1058 3366 certior
1078 3293 1203 3364 Socra-

142 3425 184 3497 lis
202 3427 376 3524 interpres
392 3428 578 3516 videbitur,
595 3454 705 3526 quum
720 3429 789 3500 sire
804 3427 1123 3522 inEatlrppdroae,
1137 3425 1207 3497 sive

142 3564 176 3635 in
197 3563 390 3659 Republica
408 3573 441 3638 et
458 3568 621 3663 Lepidam,
636 3568 738 3639 islam
756 3566 986 3661 irreligiosam
1001 3538 1209 3659 religionem

143 3721 185 3771 ex
215 3707 400 3796 poetarum
427 3704 637 3777 commentis
669 3701 858 3776 conllalam
882 3694 1069 3796 explodet,
1101 3697 1208 3769 deos-

142 3854 213 3927 que
234 3832 327 3929 ipsos
352 3834 387 3906 in
408 3836 582 3931 judicium
610 3837 776 3909 hnmanae
801 3833 1028 3909 conscientia
1054 3829 1203 3903 vocabit.

173 4133 194 4179 l.
210 4131 284 4180 Mem.
301 4132 317 4180 l.
334 4134 352 4186 l.
368 4149 389 4182 r.
407 4150 422 4185 ι.
