2706 4718
653 454 699 490 ..·.
728 440 771 508 70
798 476 845 488 .-

219 590 349 662 Coris
373 590 479 662 luerit
516 612 633 662 rerum
669 569 794 689 cursus
816 585 1013 680 exitusque,
1048 597 1275 685 quempoeta

217 723 329 798 oculis
347 714 585 819 spectantium
608 721 809 819 subjecerit,
833 743 897 793 cur
916 743 984 793 non
1004 720 1108 810 alius,
1135 733 1275 797 nonest

218 860 493 957 deprehendere.
519 863 616 932 Hanc
641 859 752 954 ipsam
773 858 877 944 viam,
913 877 1020 952 quam
1042 860 1147 947 Deus,
1170 860 1283 931 conli-

219 1000 312 1065 tente
334 991 513 1087 Euripide,
535 990 659 1087 aperit,
685 991 892 1062 consciusne
918 1011 964 1061 an
983 989 1115 1063 inscius
1130 994 1273 1088 aperiat,

218 1125 393 1199 incertum
413 1131 477 1197 est.

267 1261 358 1345 Quid
390 1261 502 1334 indo?
529 1260 688 1356 sequitur
712 1267 751 1331 ut
774 1257 1009 1355 spectantium
1034 1259 1159 1348 animi,
1187 1269 1282 1335 tanta

219 1385 336 1468 rerum
357 1395 520 1467 varietate
538 1395 757 1483 circumacti,
782 1399 925 1490 propter
950 1391 1140 1466 hominum
1165 1397 1280 1470 inlor-

217 1529 330 1618 tonia,
353 1527 607 1616 misericordia,
631 1536 669 1599 ut
688 1529 737 1599 ait
752 1525 968 1616 Aristoteles,
991 1535 1175 1618 τραγικωτάτῃ
1197 1524 1282 1626 por-

218 1667 437 1748 moveantur,
455 1663 563 1734 iidem
576 1683 658 1734 vero
674 1661 947 1737 indubitatione
961 1665 1115 1761 quadam
1134 1633 1167 1738 et
1183 1667 1279 1761 quasi

219 1798 369 1871 sollicita
399 1798 630 1871 fluctuatione
653 1804 847 1887 versentur,
873 1821 985 1893 quum
1008 1799 1130 1871 omnia
1151 1808 1298 1873 temere

218 1930 394 2020 accidant,
411 1952 476 2002 nec
495 1929 688 2025 quidquam
704 1953 775 2024 quo
789 1931 886 2026 prius
906 1931 1283 2030 turbatacomponan-

141 2088 145 2097 ·
220 2071 277 2135 tur
296 2085 338 2135 ex
357 2063 422 2135 hac
442 2085 559 2135 rerum
580 2061 732 2158 implexo
751 2054 1018 2159 inordinateque
1042 2064 1283 2138 vicissitudine

218 2197 373 2270 exsistat.
485 2227 487 2230 >
1060 2173 1063 2181 ¹

269 2329 497 2426 Perspicuum
517 2334 568 2401 est
592 2327 808 2424 Euripidem,
831 2330 858 2401 si
878 2329 973 2402 illius
987 2330 1176 2425 tragoedias
1199 2354 1278 2403 curn

220 2464 411 2560 aequalium
438 2462 667 2560 philosophiar
687 2462 894 2550 contuleris,
919 2465 1000 2559 juro
1023 2484 1096 2534 non
1119 2461 1283 2557 philoso-
1330 2507 1332 2513 -

219 2599 344 2692 phum,
366 2595 426 2668 sad
446 2594 638 2690 sophistam
655 2594 834 2666 scenicum
853 2595 1020 2690 appellari
1043 2620 1050 2666 :
1075 2617 1158 2668 nam
1187 2594 1281 2689 quod

222 2731 424 2824 Protagoras
444 2737 477 2800 ct
497 2706 639 2823 Gorgias
654 2735 688 2799 et
699 2714 804 2801 ceteri
824 2729 861 2800 in
875 2729 1027 2801 officinis
1041 2719 1113 2801 suis
1129 2730 1275 2825 juvenes

221 2859 361 2949 docent,
383 2859 477 2961 idem
497 2857 676 2953 Euripidis
705 2858 880 2953 tragoediis
904 2858 1115 2954 impressum
1140 2867 1283 2954 estque

221 2991 330 3064 animi
349 2989 442 3062 velut
457 2987 676 3061 imbuantur.

268 3094 359 3208 ocio
375 3122 482 3217 igitur
501 3121 639 3194 scenico
659 3121 710 3192 illi
731 3122 894 3218 sophistae
916 3145 998 3195 curn
1020 3123 1280 3219 sapientissimo

220 3263 294 3336 viro
333 3260 538 3334 Atheniensi
582 3260 642 3356 qui
674 3269 796 3332 contra
829 3261 1283 3357 persuasissimumhabet

211 3415 401 3474 ,summam
413 3394 483 3464 vim
502 3399 535 3465 et
557 3400 687 3466 certam
704 3393 876 3466 rationem
891 3416 966 3466 esse
985 3417 1065 3490 quae
1080 3392 1185 3466 rebus
1205 3382 1280 3465 hn-

219 3526 333 3598 manis
344 3526 476 3623 praesit,
499 3528 554 3622 cuj
561 3551 600 3598 us
619 3525 724 3599 etiam
744 3525 827 3614 vita,
842 3549 1027 3621 nunquam
1041 3527 1192 3599 orationi
1211 3528 1292 3611 dis-,

219 3659 385 3750 sentiens,
414 3658 544 3754 tragico
568 3659 660 3731 exitu
684 3657 920 3749 concluditur,
949 3660 1082 3756 quoad
1107 3660 1279 3732 excelsius

219 3790 469 3864 traducantur?
970 3791 974 3798 ’

167 3915 170 3921 ’
268 3923 303 3996 Si
328 3921 406 4017 quis
427 3928 544 3994 tamen
565 3919 754 3995 attenderit
783 3925 1083 4016 quemadmodum
1107 3924 1283 4021 explicen-

219 4068 276 4131 tur
296 4057 450 4134 Platonis
465 4057 608 4152 dialogi,
631 4057 654 4128 ii
680 4058 874 4152 prasertim
891 4060 951 4155 qui
968 4060 1135 4133 Socratici
1152 4060 1278 4132 dicun·-
