2706 4718
499 512 546 524 ..
575 475 619 542 43
647 511 694 523 ..

66 625 283 717 Quanquam
300 620 386 694 alias
402 621 605 711 sententias,
623 622 695 695 sive
713 621 885 717 vulgares,
905 621 975 696 sire
988 623 1132 718 sophis·
1158 664 1163 698 ‚-

64 757 168 846 ticas,
190 778 234 828 ex
256 755 454 852 Euripideis
475 755 605 830 sabulis
620 777 744 828 eruere
759 765 960 852 possumus,
979 782 1058 854 quae
1077 758 1133 831 his

66 891 310 979 adversentur,
340 900 456 964 tamen
472 890 509 964 id
529 891 625 986 quod
640 890 887 964 contendimus
902 889 1049 964 minime
1063 913 1132 963 an-

67 1025 280 1121 tiquandum
311 1024 556 1098 arbitramur:
580 1049 692 1099 unum
722 1026 820 1099 enim
848 1025 1001 1122 probare
1025 1026 1127 1100 nobis

63 1182 153 1256 opus
174 1164 239 1245 est,
267 1157 401 1231 scilicet
422 1158 627 1255 Euripidem
647 1158 741 1254 quod
765 1159 955 1256 Sophocles
980 1161 1127 1255 quidem

65 1287 408 1363 summeverborum
427 1290 623 1385 granditate
636 1291 846 1381 enuntiavit,
868 1293 1026 1365 Socrates
1046 1316 1128 1368 vero

11 1507 18 1524 ⁸
64 1427 249 1502 dialectice
269 1434 474 1524 persecutus
489 1435 554 1518 est,
571 1429 666 1502 idem
681 1439 714 1502 el
732 1436 851 1503 mente
878 1430 1080 1528 concepisse
1095 1438 1129 1505 et

64 1561 281 1636 carminibus
301 1563 523 1659 expressisse.
552 1564 654 1637 Unde
675 1587 747 1637 non
766 1565 1028 1660 conjiciendum
1051 1568 1130 1641 lor-

64 1723 160 1773 sana
180 1702 320 1775 Socrate
335 1701 542 1798 Euripidem
554 1724 736 1776 versuram
754 1702 890 1793 iecisse,
909 1703 944 1774 in
961 1725 1003 1777 ea
1021 1726 1056 1776 re
1077 1714 1128 1777 ta-

65 1857 145 1907 men
163 1834 320 1931 aliquam
340 1835 509 1908 exstitisse
523 1844 635 1932 poetae
655 1844 688 1910 et
708 1836 914 1933 philosophi
929 1822 1129 1911 consentio-

65 1994 160 2044 nem.

111 2107 141 2176 Α
160 2080 336 2200 Sophocle
352 2127 433 2178 veru
449 2103 663 2177 Socraticam
679 2105 722 2177 de
742 2104 827 2201 legis
844 2111 971 2178 natura
989 2113 1128 2179 senlen-

64 2239 147 2311 tiam
171 2236 284 2311 multo
313 2232 491 2311 excelsius
511 2261 619 2333 quam
645 2238 689 2311 ab
712 2238 880 2334 Euripide
911 2236 1125 2334 propositam

63 2374 170 2447 luisse
182 2396 254 2447 non
266 2381 316 2446 est
329 2397 394 2447 cur
408 2373 582 2447 miremur
597 2400 604 2447 :
621 2397 705 2448 nam
718 2373 924 2470 Sophoclem
937 2374 1049 2445 menti
1063 2371 1127 2444 ali-

62 2506 145 2602 quid
163 2508 315 2582 maxime
339 2509 542 2604 religiosum
561 2509 682 2583 subest
703 2509 799 2605 quod
821 2508 967 2582 omnino
986 2507 1032 2580 ab
1053 2510 1130 2578 En-

64 2639 176 2735 ripide
194 2641 351 2714 alienum
371 2649 435 2715 est.
462 2645 641 2727 Quantum
668 2643 760 2714 inter
782 2649 973 2737 utrumque
991 2640 1129 2714 intersit

62 2776 224 2866 senseris,
241 2777 268 2849 si
283 2777 571 2851 animadverteris
588 2777 798 2875 Sophoclem
813 2777 958 2873 quidem
973 2775 1129 2872 aliquam

58 2931 133 2981 esse
147 2907 274 3004 legem,
286 2917 471 3007 propterea
486 2912 582 3006 quod
597 2911 646 2984 dii
659 2910 806 2984 existant
825 2907 871 2998 (ὧν
886 2917 1027 2996 Ὄλυμπος
1040 2915 1127 3001 πατὴρ

29 3083 34 3093 -
59 3049 174 3131 μόνος);
204 3044 411 3139 Euripidem
435 3051 558 3117 eontra
578 3045 698 3141 aliqua
723 3067 798 3118 esse
823 3030 987 3135 numina,
1012 3069 1124 3142 prop·

57 3185 154 3252 terea
178 3178 275 3273 quod
298 3178 355 3251 lex
380 3177 522 3265 existat,
548 3179 692 3252 credere
713 3184 805 3268 (νόμῳ
819 3184 870 3268 γὰρ
886 3185 1032 3255 subruet<
1046 3185 1125 3265 otu-

57 3319 165 3398 peue).
192 3311 278 3386 lude
297 3312 336 3384 fil
358 3319 394 3384 ut
410 3313 479 3400 lex,
501 3336 581 3409 quae
600 3314 686 3388 olim
707 3314 873 3386 divinitus
896 3313 940 3386 nd
959 3313 1123 3386 homines
1228 3321 1231 3329 '

57 3446 208 3520 demissa
238 3448 375 3532 luerat,
409 3471 506 3521 nunc
535 3448 571 3520 in
605 3452 777 3546 cujusque
811 3458 972 3522 nostrum
1004 3455 1125 3522 mente

54 3582 184 3678 scripta
197 3582 342 3670 haereat,
360 3589 407 3672 et,
425 3585 583 3678 quamvis
601 3585 754 3658 divinam
764 3586 938 3680 originem
953 3583 1018 3657 sibi
1031 3608 1123 3656 nnn·

54 3721 172 3809 copel,
195 3715 385 3787 numinum
410 3716 568 3812 ipsorum
589 3726 775 3816 praecepta,
799 3719 864 3791 nisi
885 3740 1005 3791 secum
1032 3739 1122 3790 con-

54 3847 219 3936 sentiant,
251 3857 392 3947 respuat
419 3877 427 3922 :
453 3873 533 3925 uaru
563 3855 639 3950 ejus
668 3853 836 3949 temporis
857 3855 929 3950 jam
952 3850 1119 3949 praesagia

88 4136 107 4182 l.
122 4132 209 4182 Helen.
225 4147 249 4182 v.
265 4136 320 4182 8⁰0.
