2706 4718
578 409 771 477 „24-

38 647 40 652 ¹
142 580 300 657 crepare,
324 579 362 630 re
379 563 497 629 tamen
516 578 629 664 unum
649 577 773 628 sonare
789 552 970 625 rideantur
991 551 999 585 ¹
1017 577 1025 638 ;
1045 579 1059 617 u
1081 592 1127 632 ,-
1143 551 1203 624 de·
1233 623 1240 678 t

142 697 263 791 nique,
288 691 383 789 quod
398 690 591 762 maximum
612 697 676 778 est,
703 691 863 761 virtutem
883 688 1060 760 scientiam
1080 708 1205 782 quam-

24 880 36 902 .
144 829 227 901 dam
247 848 335 899 esse.
360 828 408 896 Ea
422 831 504 896 suut
522 824 622 920 quasi
642 815 873 897 fundamenta
892 821 1022 918 quihus
1042 823 1205 896 innititur

76 972 78 977 '
144 960 322 1035 Socratica
343 937 422 1055 quas
443 966 494 1031 est
516 959 558 1031 de
577 959 646 1031 vita
665 970 697 1030 ct
716 956 874 1033 moribus
893 957 1128 1054 philosophia.

195 1097 383 1166 Fateamur
403 1091 545 1188 quidem
567 1115 712 1167 necesse
729 1100 779 1166 θεῖ
799 1116 871 1167 non
890 1115 991 1189 posse
1008 1092 1084 1164 ficri
1107 1097 1145 1164 ut
1165 1114 1205 1164 ea

145 1254 224 1326 quae
238 1235 356 1302 noster
365 1234 470 1324 poeta
481 1229 531 1301 vel
545 1228 698 1301 maxime
712 1228 923 1301 sententiose
938 1228 1063 1313 dixerit
1074 1234 1205 1299 certam

144 1371 178 1438 ct
197 1370 355 1437 exactam
381 1360 474 1433 hanc
497 1362 814 1436 conformationem
842 1360 994 1434 habeant
1019 1385 1098 1458 quae
1120 1361 1205 1458 phi-‚

144 1494 317 1594 losophici
341 1495 512 1567 sermonis
535 1495 678 1591 propria
703 1501 768 1568 cst.
796 1497 979 1584 Praeterea,
1008 1502 1120 1589 quum
1145 1495 1207 1567 So-

147 1642 259 1705 crates
283 1653 355 1733 non
379 1629 485 1735 modo
513 1651 638 1738 novam
663 1629 859 1726 disciplina
882 1628 1073 1701 formulam
1102 1621 1207 1701 insti-

144 1765 265 1854 tuerit,
289 1764 349 1849 sed
377 1763 482 1836 etiam
510 1764 680 1836 exstiterit
702 1738 876 1860 interpres·
892 1769 925 1836 θῖ
950 1761 1049 1858 quasi
1070 1786 1135 1836 vox
1156 1763 1207 1860 ip·

87 1920 89 1923 ·
145 1900 216 1972 sius
232 1898 398 1970 humana
414 1897 652 1984 conscientie,
675 1921 754 1992 quae
769 1907 820 1971 est
834 1896 995 1970 universa
1010 1903 1044 1969 θῖ
1059 1905 1202 1986 aterna,

74 2023 76 2028 ’
145 2031 344 2128 periculum
374 2037 497 2102 estne
527 2051 566 2101 ea
593 2053 671 2124 quae
697 2051 738 2102 ex
762 2030 943 2102 communi
974 2053 1076 2103 sensu
1109 2037 1210 2126 poeta

148 2140 403 2262 deprompserit
429 2164 473 2236 ad
501 2163 756 2260 phitosophum
782 2165 1022 2238 traducamus.
1054 2164 1106 2238 Ad
1137 2188 1208 2238 rem

154 2300 260 2397 igitur
274 2321 386 2395 vquam
403 2297 609 2372 cautissime
629 2298 919 2393 aggrediendum.

199 2482 231 2548 t.
255 2516 303 2527 -
323 2471 474 2547 Socratis
491 2453 662 2545 moralem
685 2469 879 2546 doctrinam
901 2473 1058 2569 primum
1079 2474 1164 2564 recti
1178 2480 1210 2547 θῖ

143 2609 227 2705 justi
249 2609 395 2682 notione
412 2588 597 2679 fundatam
612 2606 777 2702 diximus,
795 2607 897 2693 Quod
913 2612 951 2679 ut
965 2609 1206 2695 constitueret,

147 2743 319 2840 sophistas
342 2733 568 2839 pertinaciter
588 2742 779 2839 insectatus
800 2741 865 2814 tuit
891 2742 953 2836 qui
981 2738 1210 2815 nullam'esse

146 2876 225 2948 vitae
241 2882 274 2948 et
295 2898 434 2948 morum
457 2874 628 2946 rationem
648 2873 922 2964 contendebant,
952 2874 1021 2946 nisi
1049 2875 1085 2947 id
1114 2874 1209 2970 quod

148 2983 383 3105 cuiquelibet
402 3008 453 3080 rel
474 3008 624 3104 expedit.
649 3011 725 3093 Qua
745 3008 788 3080 dc
810 3031 846 3080 re
866 3009 1058 3098 Socratem,
1075 3016 1152 3080 tum
1171 3008 1208 3079 in

146 3143 310 3241 plurimis
332 3140 485 3214 Platonis
506 3141 665 3237 diatogis,
689 3149 762 3214 tum
784 3141 979 3237 praesertim
999 3141 1206 3228 inPla'lebO,

145 3287 179 3350 et
203 3277 332 3373 Gorpr‘o
351 3283 384 3348 et
404 3256 618 3371 Reipublicae
631 3274 731 3350 initio
752 3298 835 3348 cum
851 3274 1014 3371 sophistis
1030 3251 1209 3372 disputare

147 3412 228 3484 satis
251 3383 389 3484 notum.
411 3410 562 3483 Socratis
582 3401 742 3484 videlicet
770 3431 811 3517 aa
837 3409 1015 3506 praecipua
1040 3402 1116 3483 laus
1143 3418 1206 3501 est,

146 3549 242 3644 quod
262 3535 459 3621 universam
479 3549 659 3622 notionem
676 3548 827 3636 honesti,
848 3548 1005 3645 sinequa
1023 3550 1124 3623 nulla
1137 3572 1210 3623 esse

147 3688 258 3779 potest
278 3680 334 3753 lex
354 3681 510 3771 moratiS,
540 3705 614 3756 non
640 3682 746 3756 modo
772 3671 1208 3776 explicando'illustravit,

144 3818 205 3890 sed
225 3817 330 3890 etiam
350 3823 586 3891 constantera
607 3818 844 3914 sophistarum
866 3818 1064 3892 temeritate
1083 3826 1116 3891 θῖ
1129 3840 1212 3913 qua-

178 4089 199 4135 t.
217 4086 252 4133 De
268 4085 341 4150 Osfio.
360 4086 376 4134 l.
393 4087 436 4145 ΙΙΙ,
454 4100 475 4134 θ.
491 4101 539 4134 uxr.
