2706 4718
494 442 762 510 ‘—66—

144 585 315 660 Prudentia
329 594 413 658 γνώμη
427 585 593 657 bonumque
608 585 759 642 consilium
771 586 779 657 t
791 585 853 657 cst)
869 585 995 656 optimus
1009 591 1085 642 vates
1100 598 1119 640 1.
1168 592 1181 609 ⁹

144 732 208 804 Cui
225 732 368 826 quidem
383 732 565 805 sententia
585 731 635 804 sic
650 732 780 805 chorus
795 729 984 803 assentitur
1003 751 1014 804 z

283 874 361 974 Idem
379 935 431 990 ego
447 917 540 974 sentio
554 917 589 972 de
602 916 713 972 vatibus

282 1008 367 1073 Quod
382 1025 468 1064 senex
484 1025 491 1062 τ
508 1007 558 1078 qui
572 1007 639 1061 daos
654 1006 707 1062 sibi
720 1005 806 1060 habet
1081 1079 1088 1086 ἱ

281 1101 407 1169 Amicos,
429 1101 568 1171 optimam
583 1098 662 1154 domi
673 1098 760 1152 hahet
769 1096 974 1152 divinationem
988 1097 1008 1152 2.

160 1338 161 1341 ,
187 1267 262 1337 lmo
284 1262 448 1359 adjiciam
467 1259 659 1358 quamdam
679 1283 765 1350 esse,
791 1259 826 1346 ni
854 1258 970 1348 fallor,
987 1258 1027 1331 in
1044 1282 1115 1333 uua
1134 1261 1203 1330 Eu-

143 1399 263 1496 ripidis
284 1395 415 1487 sabula,
439 1409 488 1464 τοῦ
499 1402 634 1483 δαιμονίου
656 1381 807 1467 Socratis
827 1391 1015 1488 imaginem
1040 1390 1203 1465 saltemve

141 1530 470 1636 adumbrationem:
488 1551 569 1600 uam
589 1528 626 1599 in
650 1528 794 1616 Heleno,
818 1549 898 1622 quae
918 1526 1071 1597 maxime
1090 1548 1111 1597 a
1130 1531 1202 1596 tra-

58 1735 59 1738 ,
143 1665 222 1738 ditis
243 1662 371 1736 fabulis
399 1660 578 1748 abhorret,
601 1660 715 1756 qualis
739 1659 783 1732 sit
812 1681 990 1755 quamque
1017 1679 1202 1753 personum

143 1796 205 1868 iila
226 1797 391 1869 Theonoe
407 1794 598 1889 susceperit
615 1794 884 1869 animadvertas..
908 1795 956 1865 Ea
973 1792 1119 1887 quidem
1135 1767 1203 1862 non

77 1969 99 2012 5
141 1939 192 2003 est
211 1939 302 2002 rates
331 1951 411 2023 quae
439 1927 475 1998 in
501 1926 768 2021 Theoelymenis
789 1925 924 1998 aedihus
954 1925 1074 2015 lateat,
1098 1923 1202 1998 saeris

102 2034 106 2041 ⁸
142 2061 317 2150 initiata³,
341 2061 402 2133 sed
422 2059 515 2154 regia
532 2080 642 2147 soror,
664 2082 756 2153 quae,
777 2077 888 2154 quum
905 2058 1051 2162 justitiae
1076 2057 1119 2130 sit
1139 2057 1204 2130 oh-

112 2291 115 2296 ,
142 2194 412 2282 servantissimo,
445 2191 610 2280 divinitus
636 2214 712 2265 eum
731 2191 946 2264 vaticinandi
967 2191 1129 2263 virtutem
1148 2209 1203 2258 ac-

144 2330 249 2426 cepit,
268 2352 338 2425 qua
356 2329 476 2401 sutura
496 2327 718 2424 prospiciatt.
739 2331 865 2400 Nonne
882 2328 1047 2400 Theonoe
1065 2337 1136 2394 Θεοῦ
1150 2337 1205 2391 νοῦν

144 2464 306 2537 distincte
325 2463 489 2559 exprimit
518 2461 612 2557 quoti
635 2468 765 2550 δαιμόνιον
785 2470 881 2535 vocat
912 2458 1098 2535 Socrates?
1119 2464 1202 2532 Nam

55 2688 58 2694 Ι
143 2597 232 2669 ilie:
264 2626 278 2663 (ν
298 2596 366 2668 Alii
386 2596 539 2691 auguria
568 2587 602 2669 et
622 2597 741 2669 omina
770 2603 803 2669 et
823 2596 1037 2692 conjectores
1062 2601 1095 2667 et
1114 2601 1206 2666 votes
1229 2656 1233 2665 .
1261 2639 1264 2645 -

144 2729 322 2826 appellant
354 2735 411 2802 eos
440 2729 500 2824 qui
527 2729 646 2802 futura
673 2729 870 2825 significant
898 2751 996 2824 :ego
1027 2750 1106 2801 vero
1132 2727 1207 2800 dae-
1245 2717 1250 2726 ’

56 2874 57 2878 ’
137 2862 303 2952 ¹monium
347 2861 498 2958 appello,
533 2863 694 2966 mihique
732 2852 986 2950 videor,'dum
1025 2862 1076 2935 sic
1106 2883 1202 2945 voco,

101 3086 105 3096 ,
146 2997 284 3070 veriora
314 2996 496 3091 magisque
521 2995 578 3091 pia
595 2995 724 3087 uicere,
747 3020 853 3092 quam
879 2998 904 3070 ii
929 2997 989 3093 qui
1014 2995 1136 3070 avibus
1157 2994 1207 3066 di·

124 3198 126 3203 .
145 3131 260 3203 vinam
281 3138 487 3227 potestatem
502 3129 700 3202 attribuunt
717 3137 742 3202 ὅ.
760 3161 775 3196 ν
801 3131 966 3204 Theonoe
981 3129 1103 3225 etipsa
1120 3128 1209 3200 intra

59 3258 61 3261 ’
146 3288 183 3337 se
202 3263 309 3337 habet
328 3270 463 3352 δαιμὸνίον
487 3289 557 3361 quo
575 3266 617 3338 ad
634 3273 747 3342 Deum
775 3268 931 3364 proxime
949 3267 1106 3357 accedat,
1128 3288 1207 3339 cer-

146 3400 286 3493 tiusque
320 3400 426 3493 quam
447 3399 625 3496 ambigua
660 3402 885 3474 oraculorum
915 3423 1000 3474 vooe
1030 3400 1117 3495 quid
1146 3397 1208 3471 sihi

28 3583 32 3588 »
146 3530 321 3629 agendum
342 3531 385 3602 sit
405 3531 650 3604 admoneatur.
667 3623 670 3629 .

198 3667 387 3754 Hactenus,
406 3687 484 3738 mea
505 3665 648 3760 quidem
672 3666 855 3753 sententia,
876 3665 1071 3764 Euripides,
1095 3664 1210 3760 quoad

148 3822 202 3872 res
218 3797 366 3889 divinas,
391 3821 471 3871 cum
494 3801 635 3872 Socrate
650 3799 803 3872 conferri
824 3808 949 3895 potest.
975 3803 1023 3872 De
1043 3798 1207 3886 hisvero,

180 4028 201 4073 i.
217 4021 273 4072 Hel.
290 4035 315 4070 r.
330 4023 385 4071 757.
402 4047 431 4055 -
450 4022 474 4069 2.
491 4019 527 4068 td.
544 4033 568 4068 v.
591 4020 704 4069 758-76t.
723 4047 751 4054 —
767 4023 788 4068 3,
804 4019 840 4067 id.
855 4033 880 4068 v.
896 4021 951 4069 821.
971 4046 999 4054 -
1018 4021 1041 4067 h.
1058 4017 1094 4067 id.
1113 4032 1138 4067 v.
1154 4018 1208 4067 823.

148 4128 177 4137 -
195 4105 218 4151 5.
236 4101 308 4165 Apol.
324 4099 442 4162 Xenoph.
