2706 4718
581 429 775 494 *64-

133 616 136 621 -
194 576 227 648 Si
250 575 474 672 Xenophonti
491 574 694 658 credideris,
714 576 872 646 Socrates
902 602 917 639 u
943 572 1161 648 sacrificabat
1175 579 1204 644 et

145 730 237 804 saepe
257 708 350 780 domi
379 731 451 779 suae
482 713 515 780 et
542 730 634 802 saepe
661 705 914 780 communibus
940 707 978 778 in
1007 707 1074 780 aris
1107 707 1206 780 totius

146 840 305 930 civitatis,
321 846 561 937 praetereaque
574 865 644 914 non
664 842 755 914 clam
777 840 949 914 vaticiniis
969 840 1169 914 utebatur1.
1186 870 1199 906 u

147 976 223 1070 lpse
243 974 279 1045 in
294 996 399 1046 causa
414 974 636 1048 defendenda
657 980 836 1048 auctorem
858 974 924 1047 sihi
940 975 1074 1071 profert
1097 974 1204 1071 Apol-

144 1107 267 1198 linem,
290 1129 310 1180 a
343 1110 589 1204 queomnium
620 1109 898 1206 sapientissimus
925 1108 1101 1205 judicatus
1128 1112 1204 1185 sue-

147 1242 226 1316 rita.
244 1246 337 1315 Num
353 1243 401 1317 ita
420 1245 560 1318 dixisset
574 1247 745 1334 Socrates,
763 1244 789 1317 si
808 1243 944 1317 nullam
969 1245 1078 1318 fidem
1094 1246 1203 1342 Apol-

144 1379 238 1452 lineo
268 1380 412 1453 oraculo
432 1378 636 1453 habuisset?
663 1381 813 1454 Fateor:
835 1379 863 1487 si
887 1387 1009 1453 tamen
1028 1379 1083 1452 vel
1099 1379 1206 1452 mini-

133 1536 245 1586 mum
274 1513 501 1618 attenderis,'
524 1536 566 1588 ex
599 1513 675 1609 ipso
707 1513 943 1609 Xenophonte
981 1537 1023 1589 ea
1067 1513 1204 1610 colliges
1240 1538 1242 1542 ·

146 1647 274 1743 quibus
304 1646 383 1720 satis
407 1647 634 1743 perspicuum
663 1649 706 1719 sit
729 1650 921 1737 Socratem,
950 1647 1109 1745 quamuis
1130 1618 1205 1722 reli-

145 1780 289 1875 gionum
317 1781 489 1852 cultorem
515 1780 637 1874 egerit,
661 1802 750 1853 nova
774 1782 936 1876 quaedam
958 1779 1086 1853 diuinis
1111 1781 1205 1853 inse-

147 1915 267 2004 rendo,
291 1937 388 1987 sacra
407 1922 467 1985 aut
485 1912 652 1986 delevisse
666 1922 726 1986 aut
743 1916 930 1987 mutavisse
954 1939 962 1986 :
980 1938 1062 1988 nant
1077 1915 1200 2011 primu,

145 2069 258 2140 quum
278 2045 344 2118 diis
372 2046 515 2134 laceret,
544 2045 709 2119 censebat
729 2045 866 2119 nullam
885 2046 1037 2119 hostiam
1059 2047 1126 2120 diis
1147 2069 1201 2120 ec-

149 2181 342 2276 ceptiorem
369 2177 444 2253 esse
476 2201 582 2275 quam
614 2185 750 2255 castum
784 2180 942 2253 animum
974 2186 1008 2251 et
1037 2193 1201 2275 purumt.

141 2317 260 2399 Quum
278 2282 419 2388 ¹deinde
449 2314 581 2388 amicos
612 2321 773 2388 moueret
803 2323 840 2387 ut
869 2313 1012 2388 oracula
1035 2337 1199 2386 nonnun-

142 2474 250 2546 quam
277 2451 521 2539 consulerent,
557 2457 632 2523 tum
665 2473 724 2524 eos
755 2449 910 2523 insanire
935 2447 1076 2522 dicebat
1114 2477 1129 2514 u
1148 2446 1204 2543 qui

144 2585 305 2659 universa
331 2609 373 2658 ex
391 2584 549 2687 hominiis
570 2585 717 2657 consilio
736 2585 889 2682 pendere
904 2615 918 2651 u
941 2558 1202 2681 profiterentur,

143 2691 220 2791 tum
258 2750 272 2787 u
290 2720 370 2793 illos
393 2721 453 2816 qui
480 2742 543 2831 per
571 2720 821 2794 divinationem
848 2720 1072 2817 explorarent
1098 2743 1138 2794 ea
1167 2719 1206 2792 de

146 2849 274 2946 quihus
295 2851 513 2947 dijudicandi
532 2859 683 2948 potestas
704 2853 871 2927 divinitus
890 2854 1098 2928 hominihus
1119 2861 1204 2930 esset

145 3007 322 3075 concessa,
347 2985 539 3059 dummodo
565 2987 801 3064 discerent‘.»
833 2988 990 3086 Denique
1008 3010 1082 3060 nou
1103 2987 1205 3061 modo

140 3122 302 3209 Socrates
317 3117 562 3192 auctoritatem
582 3120 808 3195 oraculorum
823 3121 1015 3210 imminuit,
1028 3122 1089 3195 sed
1103 3122 1205 3195 etiam

96 3252 99 3257 ’
144 3254 291 3354 omnino
306 3275 382 3326 eam
397 3253 500 3342 tollit,
524 3255 608 3327 dum
629 3255 750 3336 auimo
770 3256 961 3352 quamdam
987 3229 1102 3328 inesse
1118 3252 1207 3326 vati·
1255 3349 1256 3353 Ἴ

145 3387 285 3485 cinandi
309 3389 474 3463 virtutem
495 3391 596 3464 docet
624 3415 694 3487 qua
721 3376 908 3489 possimus,
931 3380 1032 3464 nullo
1055 3391 1205 3464 interce·

95 3572 98 3579 ·
145 3523 263 3614 dente,
287 3524 464 3619 quidquid
484 3527 802 3624 praeceperamus
824 3549 1072 3624 praeoccupare
1100 3546 1229 3617 :nam

145 3656 235 3763 nihil
266 3663 316 3730 est
346 3657 444 3730 aliud
471 3667 502 3728 τὸ
516 3666 651 3747 δαιμόνιον
678 3659 745 3731 nisi
773 3660 890 3735 divina
918 3687 981 3735 vox
1003 3668 1098 3751 (φωνή)
1131 3682 1207 3757 quaa

146 3791 239 3864 intus
266 3799 377 3864 sonat.
407 3794 584 3876 Quorsum
610 3792 715 3888 igitur
738 3815 826 3889 opus
851 3802 901 3868 est
929 3787 1070 3890 Pythias
1096 3799 1205 3865 sortes

176 3980 199 4048 r'.
216 3999 292 4049 neni.
312 4000 328 4048 ι.
348 4000 367 4068 p,
390 4013 412 4047 e.
432 4011 448 4048 1.
462 4025 490 4033 -
506 4002 529 4048 a.
548 4000 577 4050 v.
600 4000 672 4064 spru.
692 4001 812 4066 astraph.
832 4032 859 4038 -
879 4007 901 4054 a.
916 4004 990 4053 neor.
1008 3995 1025 4052 ις
1048 4003 1068 4064 1,
1086 4016 1108 4051 c.
1125 4016 1204 4052 ur*

146 4082 168 4128 a.
182 4077 247 4128 reru.
262 4079 280 4127 r.
296 4080 315 4138 1,
333 4093 354 4128 a.
368 4093 385 4126 ι,
