<?xml version="1.0" encoding="UTF-8"?>
<!DOCTYPE html PUBLIC "-//W3C//DTD XHTML 1.0 Transitional//EN"
    "http://www.w3.org/TR/xhtml1/DTD/xhtml1-transitional.dtd">
<html xmlns="http://www.w3.org/1999/xhtml" xml:lang="en" lang="en">
 <head>
  <title>
</title>
<meta http-equiv="Content-Type" content="text/html;charset=utf-8" />
  <meta name='ocr-system' content='tesseract 3.04.00' />
  <meta name='ocr-capabilities' content='ocr_page ocr_carea ocr_par ocr_line ocrx_word'/>
</head>
<body>
  <div class='ocr_page' id='page_1' title='image "./desocraticaedoc00feuggoog_0072.png"; bbox 0 0 2706 4718; ppageno 0'>
   <div class='ocr_carea' id='block_1_1' title="bbox 141 448 1206 1212">
    <p class='ocr_par' dir='ltr' id='par_1_1' title="bbox 141 448 1206 1212">
     <span class='ocr_line' id='line_1_1' title="bbox 582 448 773 520; baseline -0.005 -18"><span class='ocrx_word' id='word_1_1' title='bbox 582 489 628 502; x_wconf 87' lang='lat'><em>-</em></span> <span class='ocrx_word' id='word_1_2' title='bbox 654 448 699 520; x_wconf 76' lang='lat'>65</span> <span class='ocrx_word' id='word_1_3' title='bbox 727 489 773 501; x_wconf 89' lang='lat'>-</span> 
     </span>
     <span class='ocr_line' id='line_1_2' title="bbox 144 597 1202 696; baseline -0.001 -26"><span class='ocrx_word' id='word_1_4' title='bbox 144 599 327 689; x_wconf 87' lang='lat' dir='ltr'>sciscitari,</span> <span class='ocrx_word' id='word_1_5' title='bbox 359 622 470 695; x_wconf 91' lang='lat' dir='ltr'>quum</span> <span class='ocrx_word' id='word_1_6' title='bbox 498 600 534 670; x_wconf 93' lang='lat' dir='ltr'>in</span> <span class='ocrx_word' id='word_1_7' title='bbox 564 600 737 696; x_wconf 83' lang='lat' dir='ltr'>cujusque</span> <span class='ocrx_word' id='word_1_8' title='bbox 754 599 874 671; x_wconf 92' lang='lat' dir='ltr'>animo</span> <span class='ocrx_word' id='word_1_9' title='bbox 899 597 1016 672; x_wconf 80' lang='lat' dir='ltr'>sedeat</span> <span class='ocrx_word' id='word_1_10' title='bbox 1047 604 1139 671; x_wconf 90' lang='lat' dir='ltr'>vates</span> <span class='ocrx_word' id='word_1_11' title='bbox 1160 618 1202 670; x_wconf 93' lang='lat' dir='ltr'>co</span> 
     </span>
     <span class='ocr_line' id='line_1_3' title="bbox 141 728 1202 831; baseline -0.005 -24"><span class='ocrx_word' id='word_1_12' title='bbox 141 736 274 808; x_wconf 76' lang='lat' dir='ltr'>certior</span> <span class='ocrx_word' id='word_1_13' title='bbox 302 757 373 830; x_wconf 94' lang='lat' dir='ltr'>quo</span> <span class='ocrx_word' id='word_1_14' title='bbox 399 728 468 808; x_wconf 85' lang='lat' dir='ltr'>diis</span> <span class='ocrx_word' id='word_1_15' title='bbox 485 735 569 831; x_wconf 90' lang='lat' dir='ltr'>ipsis</span> <span class='ocrx_word' id='word_1_16' title='bbox 589 735 732 831; x_wconf 82' lang='lat' dir='ltr'>propior</span> <span class='ocrx_word' id='word_1_17' title='bbox 749 740 826 807; x_wconf 84' lang='lat' dir='ltr'>est‘t</span> <span class='ocrx_word' id='word_1_18' title='bbox 853 733 892 805; x_wconf 95' lang='lat' dir='ltr'>ld</span> <span class='ocrx_word' id='word_1_19' title='bbox 911 740 963 807; x_wconf 89' lang='lat' dir='ltr'>est</span> <span class='ocrx_word' id='word_1_20' title='bbox 982 755 1112 807; x_wconf 89' lang='lat' dir='ltr'>novum</span> <span class='ocrx_word' id='word_1_21' title='bbox 1130 755 1202 803; x_wconf 94' lang='lat' dir='ltr'>nu-</span> 
     </span>
     <span class='ocr_line' id='line_1_4' title="bbox 142 845 968 965; baseline 0 -24"><span class='ocrx_word' id='word_1_22' title='bbox 142 893 225 943; x_wconf 93' lang='lat' dir='ltr'>men</span> <span class='ocrx_word' id='word_1_23' title='bbox 246 869 342 965; x_wconf 93' lang='lat' dir='ltr'>quod</span> <span class='ocrx_word' id='word_1_24' title='bbox 361 845 522 942; x_wconf 81' lang='lat' dir='ltr'>Socrates</span> <span class='ocrx_word' id='word_1_25' title='bbox 541 869 578 941; x_wconf 93' lang='lat' dir='ltr'>in</span> <span class='ocrx_word' id='word_1_26' title='bbox 598 868 774 942; x_wconf 88' lang='lat' dir='ltr'>civitatem</span> <span class='ocrx_word' id='word_1_27' title='bbox 795 867 948 941; x_wconf 86' lang='lat' dir='ltr'>induxit.</span> <span class='ocrx_word' id='word_1_28' title='bbox 965 904 968 914; x_wconf 94' lang='lat'>·</span> 
     </span>
     <span class='ocr_line' id='line_1_5' title="bbox 187 999 1206 1099; baseline -0.006 -24"><span class='ocrx_word' id='word_1_29' title='bbox 187 1001 325 1088; x_wconf 82' lang='lat' dir='ltr'>Ouibus</span> <span class='ocrx_word' id='word_1_30' title='bbox 347 1003 461 1090; x_wconf 87' lang='lat' dir='ltr'>dictis,</span> <span class='ocrx_word' id='word_1_31' title='bbox 484 1025 683 1097; x_wconf 85' lang='lat' dir='ltr'>quaeramus</span> <span class='ocrx_word' id='word_1_32' title='bbox 701 1024 747 1074; x_wconf 90' lang='lat' dir='ltr'>an</span> <span class='ocrx_word' id='word_1_33' title='bbox 766 1003 919 1099; x_wconf 90' lang='lat' dir='ltr'>quodam</span> <span class='ocrx_word' id='word_1_34' title='bbox 941 1003 1047 1075; x_wconf 90' lang='lat' dir='ltr'>modo</span> <span class='ocrx_word' id='word_1_35' title='bbox 1069 999 1206 1096; x_wconf 88' lang='lat' dir='ltr'>Euripi·</span> 
     </span>
     <span class='ocr_line' id='line_1_6' title="bbox 143 1128 1032 1212; baseline -0.002 -2"><span class='ocrx_word' id='word_1_36' title='bbox 143 1139 206 1210; x_wconf 93' lang='lat' dir='ltr'>des</span> <span class='ocrx_word' id='word_1_37' title='bbox 226 1161 308 1210; x_wconf 88' lang='lat' dir='ltr'>cum</span> <span class='ocrx_word' id='word_1_38' title='bbox 330 1140 471 1212; x_wconf 90' lang='lat' dir='ltr'>Socrate</span> <span class='ocrx_word' id='word_1_39' title='bbox 492 1138 720 1211; x_wconf 85' lang='lat' dir='ltr'>consenserit.</span> <span class='ocrx_word' id='word_1_40' title='bbox 894 1128 898 1132; x_wconf 65' lang='grc'><strong>’</strong></span> <span class='ocrx_word' id='word_1_41' title='bbox 1030 1135 1032 1138; x_wconf 68' lang='grc'>’</span> 
     </span>
    </p>
   </div>
   <div class='ocr_carea' id='block_1_2' title="bbox 142 1269 1209 1900">
    <p class='ocr_par' dir='ltr' id='par_1_2' title="bbox 142 1269 1209 1900">
     <span class='ocr_line' id='line_1_7' title="bbox 197 1269 1206 1369; baseline -0.003 -26"><span class='ocrx_word' id='word_1_42' title='bbox 197 1273 314 1345; x_wconf 87' lang='lat' dir='ltr'>Prima</span> <span class='ocrx_word' id='word_1_43' title='bbox 333 1273 477 1369; x_wconf 91' lang='lat' dir='ltr'>quidem</span> <span class='ocrx_word' id='word_1_44' title='bbox 510 1272 639 1369; x_wconf 89' lang='lat' dir='ltr'>specie,</span> <span class='ocrx_word' id='word_1_45' title='bbox 673 1271 742 1344; x_wconf 89' lang='lat' dir='ltr'>hoc</span> <span class='ocrx_word' id='word_1_46' title='bbox 767 1271 860 1345; x_wconf 87' lang='lat' dir='ltr'>inter</span> <span class='ocrx_word' id='word_1_47' title='bbox 888 1269 1141 1368; x_wconf 93' lang='lat' dir='ltr'>philosophum</span> <span class='ocrx_word' id='word_1_48' title='bbox 1161 1277 1206 1341; x_wconf 83' lang='lat' dir='ltr'>et</span> 
     </span>
     <span class='ocr_line' id='line_1_8' title="bbox 143 1401 1207 1500; baseline -0.003 -23"><span class='ocrx_word' id='word_1_49' title='bbox 143 1411 284 1500; x_wconf 88' lang='lat' dir='ltr'>poetam</span> <span class='ocrx_word' id='word_1_50' title='bbox 306 1404 464 1493; x_wconf 84' lang='lat' dir='ltr'>interest,</span> <span class='ocrx_word' id='word_1_51' title='bbox 488 1405 583 1499; x_wconf 92' lang='lat' dir='ltr'>quod</span> <span class='ocrx_word' id='word_1_52' title='bbox 603 1427 695 1477; x_wconf 90' lang='lat' dir='ltr'>unus</span> <span class='ocrx_word' id='word_1_53' title='bbox 716 1403 815 1500; x_wconf 90' lang='lat' dir='ltr'>quasi</span> <span class='ocrx_word' id='word_1_54' title='bbox 834 1401 1207 1498; x_wconf 88' lang='lat' dir='ltr'>obliqueoraculala-</span> 
     </span>
     <span class='ocr_line' id='line_1_9' title="bbox 144 1535 1207 1633; baseline -0.002 -22"><span class='ocrx_word' id='word_1_55' title='bbox 144 1535 311 1627; x_wconf 70' lang='lat' dir='ltr'>bulaeus,</span> <span class='ocrx_word' id='word_1_56' title='bbox 329 1539 418 1612; x_wconf 92' lang='lat' dir='ltr'>alter</span> <span class='ocrx_word' id='word_1_57' title='bbox 436 1546 553 1613; x_wconf 88' lang='lat' dir='ltr'>antem</span> <span class='ocrx_word' id='word_1_58' title='bbox 576 1541 612 1611; x_wconf 94' lang='lat' dir='ltr'>in</span> <span class='ocrx_word' id='word_1_59' title='bbox 631 1540 756 1613; x_wconf 89' lang='lat' dir='ltr'>eadem</span> <span class='ocrx_word' id='word_1_60' title='bbox 771 1538 953 1611; x_wconf 86' lang='lat' dir='ltr'>liberrime</span> <span class='ocrx_word' id='word_1_61' title='bbox 968 1546 1002 1612; x_wconf 93' lang='lat' dir='ltr'>et</span> <span class='ocrx_word' id='word_1_62' title='bbox 1017 1544 1207 1633; x_wconf 85' lang='lat' dir='ltr'>contemp-</span> 
     </span>
     <span class='ocr_line' id='line_1_10' title="bbox 143 1663 1209 1768; baseline 0.002 -27"><span class='ocrx_word' id='word_1_63' title='bbox 143 1670 205 1742; x_wconf 91' lang='lat' dir='ltr'>tim</span> <span class='ocrx_word' id='word_1_64' title='bbox 224 1670 414 1745; x_wconf 84' lang='lat' dir='ltr'>invehitur.</span> <span class='ocrx_word' id='word_1_65' title='bbox 443 1663 572 1744; x_wconf 83' lang='lat' dir='ltr'>Mirum</span> <span class='ocrx_word' id='word_1_66' title='bbox 592 1672 687 1768; x_wconf 92' lang='lat' dir='ltr'>quod</span> <span class='ocrx_word' id='word_1_67' title='bbox 714 1671 920 1767; x_wconf 86' lang='lat' dir='ltr'>hujusmodi</span> <span class='ocrx_word' id='word_1_68' title='bbox 950 1671 1100 1744; x_wconf 87' lang='lat' dir='ltr'>convitia</span> <span class='ocrx_word' id='word_1_69' title='bbox 1134 1671 1209 1743; x_wconf 90' lang='lat' dir='ltr'>lre-</span> 
     </span>
     <span class='ocr_line' id='line_1_11' title="bbox 142 1782 815 1900; baseline 0.003 -28"><span class='ocrx_word' id='word_1_70' title='bbox 142 1782 265 1895; x_wconf 86' lang='lat' dir='ltr'>quenti</span> <span class='ocrx_word' id='word_1_71' title='bbox 283 1803 422 1877; x_wconf 86' lang='lat' dir='ltr'>theatro</span> <span class='ocrx_word' id='word_1_72' title='bbox 441 1803 589 1898; x_wconf 91' lang='lat' dir='ltr'>impune</span> <span class='ocrx_word' id='word_1_73' title='bbox 604 1801 786 1900; x_wconf 82' lang='lat' dir='ltr'>jactaverit</span> <span class='ocrx_word' id='word_1_74' title='bbox 807 1829 815 1874; x_wconf 93' lang='lat'><strong>:</strong></span> 
     </span>
    </p>
   </div>
   <div class='ocr_carea' id='block_1_3' title="bbox 145 1992 1308 3809">
    <p class='ocr_par' dir='ltr' id='par_1_3' title="bbox 287 1992 856 2061">
     <span class='ocr_line' id='line_1_12' title="bbox 287 1992 856 2061; baseline 0.004 -19"><span class='ocrx_word' id='word_1_75' title='bbox 287 2028 413 2045; x_wconf 92' lang='grc'><strong>.....</strong></span> <span class='ocrx_word' id='word_1_76' title='bbox 434 1992 549 2044; x_wconf 82' lang='lat' dir='ltr'>Atvero</span> <span class='ocrx_word' id='word_1_77' title='bbox 564 2007 609 2044; x_wconf 91' lang='lat' dir='ltr'>res</span> <span class='ocrx_word' id='word_1_78' title='bbox 625 2005 769 2061; x_wconf 80' lang='lat' dir='ltr'>augurum</span> <span class='ocrx_word' id='word_1_79' title='bbox 846 2013 856 2031; x_wconf 86' lang='lat'><strong>·</strong></span> 
     </span>
    </p>

    <p class='ocr_par' dir='ltr' id='par_1_4' title="bbox 284 2078 1083 2150">
     <span class='ocr_line' id='line_1_13' title="bbox 284 2078 1083 2150; baseline -0.003 -18"><span class='ocrx_word' id='word_1_80' title='bbox 284 2079 417 2149; x_wconf 86' lang='lat' dir='ltr'>Perspcxi</span> <span class='ocrx_word' id='word_1_81' title='bbox 437 2094 524 2150; x_wconf 89' lang='lat' dir='ltr'>qnam</span> <span class='ocrx_word' id='word_1_82' title='bbox 534 2080 617 2134; x_wconf 82' lang='lat' dir='ltr'>malae</span> <span class='ocrx_word' id='word_1_83' title='bbox 627 2079 686 2133; x_wconf 87' lang='lat' dir='ltr'>sint</span> <span class='ocrx_word' id='word_1_84' title='bbox 700 2081 729 2132; x_wconf 90' lang='lat' dir='ltr'>et</span> <span class='ocrx_word' id='word_1_85' title='bbox 743 2078 958 2133; x_wconf 80' lang='lat' dir='ltr'>mendaciorum</span> <span class='ocrx_word' id='word_1_86' title='bbox 973 2078 1083 2148; x_wconf 82' lang='lat' dir='ltr'>plenae:</span> 
     </span>
    </p>

    <p class='ocr_par' dir='ltr' id='par_1_5' title="bbox 286 2167 916 2240">
     <span class='ocr_line' id='line_1_14' title="bbox 286 2167 916 2240; baseline 0.002 -19"><span class='ocrx_word' id='word_1_87' title='bbox 286 2168 360 2222; x_wconf 75' lang='lat' dir='ltr'>Nihil</span> <span class='ocrx_word' id='word_1_88' title='bbox 374 2168 465 2240; x_wconf 82' lang='lat' dir='ltr'>igitur</span> <span class='ocrx_word' id='word_1_89' title='bbox 479 2169 579 2223; x_wconf 86' lang='lat' dir='ltr'>sinceri</span> <span class='ocrx_word' id='word_1_90' title='bbox 596 2169 683 2224; x_wconf 87' lang='lat' dir='ltr'>estin</span> <span class='ocrx_word' id='word_1_91' title='bbox 698 2167 773 2240; x_wconf 79' lang='lat' dir='ltr'>ignis</span> <span class='ocrx_word' id='word_1_92' title='bbox 788 2168 916 2236; x_wconf 85' lang='lat' dir='ltr'>flamma,</span> 
     </span>
    </p>

    <p class='ocr_par' dir='ltr' id='par_1_6' title="bbox 287 2256 958 2329">
     <span class='ocr_line' id='line_1_15' title="bbox 287 2256 958 2329; baseline 0.004 -19"><span class='ocrx_word' id='word_1_93' title='bbox 287 2258 383 2329; x_wconf 74' lang='lat' dir='ltr'>Neque</span> <span class='ocrx_word' id='word_1_94' title='bbox 398 2260 429 2313; x_wconf 92' lang='lat' dir='ltr'>in</span> <span class='ocrx_word' id='word_1_95' title='bbox 444 2257 540 2312; x_wconf 83' lang='lat' dir='ltr'>avium</span> <span class='ocrx_word' id='word_1_96' title='bbox 555 2263 640 2313; x_wconf 88' lang='lat' dir='ltr'>cantu</span> <span class='ocrx_word' id='word_1_97' title='bbox 655 2275 662 2312; x_wconf 81' lang='lat' dir='ltr'>t</span> <span class='ocrx_word' id='word_1_98' title='bbox 680 2258 802 2313; x_wconf 87' lang='lat' dir='ltr'>stultitia</span> <span class='ocrx_word' id='word_1_99' title='bbox 814 2274 881 2312; x_wconf 88' lang='lat' dir='ltr'>vero</span> <span class='ocrx_word' id='word_1_100' title='bbox 897 2256 958 2327; x_wconf 82' lang='lat' dir='ltr'>(est)</span> 
     </span>
    </p>

    <p class='ocr_par' dir='ltr' id='par_1_7' title="bbox 145 2345 1308 3809">
     <span class='ocr_line' id='line_1_16' title="bbox 279 2345 861 2428; baseline 0.002 -28"><span class='ocrx_word' id='word_1_101' title='bbox 279 2345 404 2428; x_wconf 67' lang='lat' dir='ltr'>¹tlpiuari</span> <span class='ocrx_word' id='word_1_102' title='bbox 419 2347 455 2402; x_wconf 88' lang='lat' dir='ltr'>ab</span> <span class='ocrx_word' id='word_1_103' title='bbox 470 2347 569 2402; x_wconf 87' lang='lat' dir='ltr'>avibus</span> <span class='ocrx_word' id='word_1_104' title='bbox 583 2347 719 2402; x_wconf 79' lang='lat' dir='ltr'>mortales</span> <span class='ocrx_word' id='word_1_105' title='bbox 730 2347 825 2418; x_wconf 87' lang='lat' dir='ltr'>juvari</span> <span class='ocrx_word' id='word_1_106' title='bbox 842 2357 861 2401; x_wconf 87' lang='lat'>¹.</span> 
     </span>
     <span class='ocr_line' id='line_1_17' title="bbox 147 2508 1210 2606; baseline -0.003 -25"><span class='ocrx_word' id='word_1_107' title='bbox 147 2513 217 2582; x_wconf 88' lang='lat' dir='ltr'>Nec</span> <span class='ocrx_word' id='word_1_108' title='bbox 239 2533 396 2606; x_wconf 91' lang='lat' dir='ltr'>unquam</span> <span class='ocrx_word' id='word_1_109' title='bbox 417 2510 635 2584; x_wconf 82' lang='lat' dir='ltr'>hariolorum</span> <span class='ocrx_word' id='word_1_110' title='bbox 655 2533 767 2606; x_wconf 83' lang='lat' dir='ltr'>genus</span> <span class='ocrx_word' id='word_1_111' title='bbox 788 2510 957 2583; x_wconf 86' lang='lat' dir='ltr'>lacessere</span> <span class='ocrx_word' id='word_1_112' title='bbox 981 2508 1124 2595; x_wconf 86' lang='lat' dir='ltr'>omittit,</span> <span class='ocrx_word' id='word_1_113' title='bbox 1153 2515 1210 2578; x_wconf 92' lang='lat' dir='ltr'>ut-</span> 
     </span>
     <span class='ocr_line' id='line_1_18' title="bbox 147 2644 1210 2741; baseline -0.005 -23"><span class='ocrx_word' id='word_1_114' title='bbox 147 2654 226 2741; x_wconf 84' lang='lat' dir='ltr'>pote</span> <span class='ocrx_word' id='word_1_115' title='bbox 258 2645 411 2734; x_wconf 86' lang='lat' dir='ltr'>malum,</span> <span class='ocrx_word' id='word_1_116' title='bbox 450 2644 700 2734; x_wconf 86' lang='lat' dir='ltr'>ambitiosum,</span> <span class='ocrx_word' id='word_1_117' title='bbox 737 2650 997 2740; x_wconf 76' lang='lat' dir='ltr'>quaestuosum,</span> <span class='ocrx_word' id='word_1_118' title='bbox 1024 2648 1138 2715; x_wconf 89' lang='lat' dir='ltr'>totum</span> <span class='ocrx_word' id='word_1_119' title='bbox 1168 2664 1210 2715; x_wconf 84' lang='lat' dir='ltr'>ex</span> 
     </span>
     <span class='ocr_line' id='line_1_19' title="bbox 148 2775 1207 2874; baseline 0.001 -27"><span class='ocrx_word' id='word_1_120' title='bbox 148 2775 270 2850; x_wconf 76' lang='lat' dir='ltr'>frande</span> <span class='ocrx_word' id='word_1_121' title='bbox 289 2785 321 2850; x_wconf 92' lang='lat' dir='ltr'>et</span> <span class='ocrx_word' id='word_1_122' title='bbox 348 2776 533 2851; x_wconf 91' lang='lat' dir='ltr'>mendacio</span> <span class='ocrx_word' id='word_1_123' title='bbox 554 2778 804 2874; x_wconf 83' lang='lat' dir='ltr'>compositum,</span> <span class='ocrx_word' id='word_1_124' title='bbox 828 2777 917 2850; x_wconf 91' lang='lat' dir='ltr'>nihil</span> <span class='ocrx_word' id='word_1_125' title='bbox 937 2776 1007 2851; x_wconf 80' lang='lat' dir='ltr'>veri</span> <span class='ocrx_word' id='word_1_126' title='bbox 1032 2778 1098 2850; x_wconf 93' lang='lat' dir='ltr'>nisi</span> <span class='ocrx_word' id='word_1_127' title='bbox 1130 2776 1207 2849; x_wconf 86' lang='lat' dir='ltr'>lor-</span> 
     </span>
     <span class='ocr_line' id='line_1_20' title="bbox 146 2909 1229 3010; baseline 0 -29"><span class='ocrx_word' id='word_1_128' title='bbox 146 2909 237 2982; x_wconf 87' lang='lat' dir='ltr'>tuito</span> <span class='ocrx_word' id='word_1_129' title='bbox 274 2911 530 3006; x_wconf 72' lang='lat' dir='ltr'>praenuntians.</span> <span class='ocrx_word' id='word_1_130' title='bbox 560 2915 706 2985; x_wconf 86' lang='lat' dir='ltr'>Necnon</span> <span class='ocrx_word' id='word_1_131' title='bbox 727 2934 784 2986; x_wconf 88' lang='lat' dir='ltr'>eos</span> <span class='ocrx_word' id='word_1_132' title='bbox 803 2919 923 3010; x_wconf 87' lang='lat' dir='ltr'>aperte</span> <span class='ocrx_word' id='word_1_133' title='bbox 948 2912 1070 2986; x_wconf 86' lang='lat' dir='ltr'>irridet</span> <span class='ocrx_word' id='word_1_134' title='bbox 1089 2911 1149 3008; x_wconf 91' lang='lat' dir='ltr'>qui</span> <span class='ocrx_word' id='word_1_135' title='bbox 1175 2910 1229 2982; x_wconf 95' lang='lat' dir='ltr'>in·</span> 
     </span>
     <span class='ocr_line' id='line_1_21' title="bbox 146 3040 1211 3139; baseline 0.003 -29"><span class='ocrx_word' id='word_1_136' title='bbox 146 3040 307 3111; x_wconf 89' lang='lat' dir='ltr'>animum</span> <span class='ocrx_word' id='word_1_137' title='bbox 330 3041 502 3114; x_wconf 89' lang='lat' dir='ltr'>inducant</span> <span class='ocrx_word' id='word_1_138' title='bbox 528 3042 650 3116; x_wconf 82' lang='lat' dir='ltr'>avibus</span> <span class='ocrx_word' id='word_1_139' title='bbox 672 3043 725 3116; x_wconf 78' lang='lat' dir='ltr'>vel</span> <span class='ocrx_word' id='word_1_140' title='bbox 755 3044 841 3116; x_wconf 82' lang='lat' dir='ltr'>extis</span> <span class='ocrx_word' id='word_1_141' title='bbox 868 3043 1015 3116; x_wconf 91' lang='lat' dir='ltr'>deorum</span> <span class='ocrx_word' id='word_1_142' title='bbox 1045 3064 1211 3139; x_wconf 90' lang='lat' dir='ltr'>responsa</span> 
     </span>
     <span class='ocr_line' id='line_1_22' title="bbox 148 3170 1308 3265; baseline 0.006 -25"><span class='ocrx_word' id='word_1_143' title='bbox 148 3170 311 3265; x_wconf 79' lang='lat' dir='ltr'>proferri.</span> <span class='ocrx_word' id='word_1_144' title='bbox 336 3173 433 3245; x_wconf 90' lang='lat' dir='ltr'>Nihil</span> <span class='ocrx_word' id='word_1_145' title='bbox 453 3177 622 3249; x_wconf 88' lang='lat' dir='ltr'>Socratici</span> <span class='ocrx_word' id='word_1_146' title='bbox 642 3176 678 3247; x_wconf 93' lang='lat' dir='ltr'>in</span> <span class='ocrx_word' id='word_1_147' title='bbox 698 3177 754 3249; x_wconf 91' lang='lat' dir='ltr'>his</span> <span class='ocrx_word' id='word_1_148' title='bbox 773 3176 961 3250; x_wconf 82' lang='lat' dir='ltr'>verborum</span> <span class='ocrx_word' id='word_1_149' title='bbox 985 3175 1211 3250; x_wconf 89' lang='lat' dir='ltr'>contumeliis</span> <span class='ocrx_word' id='word_1_150' title='bbox 1307 3251 1308 3254; x_wconf 62' lang='grc'>,</span> 
     </span>
     <span class='ocr_line' id='line_1_23' title="bbox 146 3307 1211 3408; baseline 0.005 -30"><span class='ocrx_word' id='word_1_151' title='bbox 146 3307 410 3405; x_wconf 88' lang='lat' dir='ltr'>deprehendas;</span> <span class='ocrx_word' id='word_1_152' title='bbox 434 3311 495 3383; x_wconf 91' lang='lat' dir='ltr'>sed</span> <span class='ocrx_word' id='word_1_153' title='bbox 514 3313 677 3408; x_wconf 82' lang='lat' dir='ltr'>qnaedam</span> <span class='ocrx_word' id='word_1_154' title='bbox 698 3314 767 3385; x_wconf 88' lang='lat' dir='ltr'>alia</span> <span class='ocrx_word' id='word_1_155' title='bbox 782 3312 915 3385; x_wconf 84' lang='lat' dir='ltr'>ibidem</span> <span class='ocrx_word' id='word_1_156' title='bbox 930 3334 1115 3408; x_wconf 85' lang='lat' dir='ltr'>excerpere</span> <span class='ocrx_word' id='word_1_157' title='bbox 1128 3311 1211 3385; x_wconf 92' lang='lat' dir='ltr'>licet</span> 
     </span>
     <span class='ocr_line' id='line_1_24' title="bbox 145 3409 1208 3542; baseline 0.002 -25"><span class='ocrx_word' id='word_1_158' title='bbox 145 3467 225 3540; x_wconf 78' lang='lat' dir='ltr'>qum</span> <span class='ocrx_word' id='word_1_159' title='bbox 255 3467 296 3517; x_wconf 82' lang='lat' dir='ltr'>ex</span> <span class='ocrx_word' id='word_1_160' title='bbox 321 3444 498 3517; x_wconf 88' lang='lat' dir='ltr'>Socratica</span> <span class='ocrx_word' id='word_1_161' title='bbox 534 3445 721 3542; x_wconf 86' lang='lat' dir='ltr'>disciplina</span> <span class='ocrx_word' id='word_1_162' title='bbox 747 3447 873 3519; x_wconf 88' lang='lat' dir='ltr'>hausta</span> <span class='ocrx_word' id='word_1_163' title='bbox 904 3409 979 3519; x_wconf 68' lang='lat' dir='ltr'>esse</span> <span class='ocrx_word' id='word_1_164' title='bbox 1012 3446 1208 3520; x_wconf 89' lang='lat' dir='ltr'>videantur.</span> 
     </span>
     <span class='ocr_line' id='line_1_25' title="bbox 145 3578 1210 3677; baseline 0.002 -28"><span class='ocrx_word' id='word_1_165' title='bbox 145 3578 349 3653; x_wconf 87' lang='lat' dir='ltr'>Notandum</span> <span class='ocrx_word' id='word_1_166' title='bbox 376 3578 472 3650; x_wconf 89' lang='lat' dir='ltr'>enim</span> <span class='ocrx_word' id='word_1_167' title='bbox 495 3578 625 3675; x_wconf 90' lang='lat' dir='ltr'>quibus</span> <span class='ocrx_word' id='word_1_168' title='bbox 655 3578 768 3652; x_wconf 78' lang='lat' dir='ltr'>vertis</span> <span class='ocrx_word' id='word_1_169' title='bbox 796 3602 957 3677; x_wconf 88' lang='lat' dir='ltr'>asperam</span> <span class='ocrx_word' id='word_1_170' title='bbox 981 3580 1210 3653; x_wconf 91' lang='lat' dir='ltr'>oraculorum</span> 
     </span>
     <span class='ocr_line' id='line_1_26' title="bbox 145 3709 1212 3809; baseline 0.002 -27"><span class='ocrx_word' id='word_1_171' title='bbox 145 3709 424 3795; x_wconf 82' lang='lat' dir='ltr'>insectationem,</span> <span class='ocrx_word' id='word_1_172' title='bbox 447 3710 553 3803; x_wconf 89' lang='lat' dir='ltr'>paulo</span> <span class='ocrx_word' id='word_1_173' title='bbox 572 3717 653 3783; x_wconf 89' lang='lat' dir='ltr'>ante</span> <span class='ocrx_word' id='word_1_174' title='bbox 674 3711 818 3800; x_wconf 88' lang='lat' dir='ltr'>dictam,</span> <span class='ocrx_word' id='word_1_175' title='bbox 847 3713 1038 3785; x_wconf 90' lang='lat' dir='ltr'>concludat</span> <span class='ocrx_word' id='word_1_176' title='bbox 1070 3712 1212 3809; x_wconf 86' lang='lat' dir='ltr'>Euripi-</span> 
     </span>
    </p>
   </div>
   <div class='ocr_carea' id='block_1_4' title="bbox 147 3844 356 3916">
    <p class='ocr_par' dir='ltr' id='par_1_8' title="bbox 147 3844 356 3916">
     <span class='ocr_line' id='line_1_27' title="bbox 147 3844 356 3916; baseline -0.005 0"><span class='ocrx_word' id='word_1_177' title='bbox 147 3844 240 3916; x_wconf 92' lang='lat' dir='ltr'>des:</span> <span class='ocrx_word' id='word_1_178' title='bbox 351 3900 356 3907; x_wconf 89' lang='lat'>.</span> 
     </span>
    </p>
   </div>
   <div class='ocr_carea' id='block_1_5' title="bbox 181 4103 445 4152">
    <p class='ocr_par' dir='ltr' id='par_1_9' title="bbox 181 4103 445 4152">
     <span class='ocr_line' id='line_1_28' title="bbox 181 4103 445 4152; baseline -0.027 0"><span class='ocrx_word' id='word_1_179' title='bbox 181 4108 201 4152; x_wconf 93' lang='lat' dir='ltr'>l.</span> <span class='ocrx_word' id='word_1_180' title='bbox 220 4103 273 4152; x_wconf 73' lang='lat' dir='ltr'>ttet.</span> <span class='ocrx_word' id='word_1_181' title='bbox 290 4117 312 4150; x_wconf 81' lang='lat' dir='ltr'>v.</span> <span class='ocrx_word' id='word_1_182' title='bbox 330 4103 445 4150; x_wconf 74' lang='lat' dir='ltr'>att-tta.</span> 
     </span>
    </p>
   </div>
   <div class='ocr_carea' id='block_1_6' title="bbox 0 0 1358 4718">
    <p class='ocr_par' dir='ltr' id='par_1_10' title="bbox 0 0 1358 4718">
     <span class='ocr_line' id='line_1_29' title="bbox 0 0 1358 4718; baseline 0 0"><span class='ocrx_word' id='word_1_183' title='bbox 0 0 1358 4718; x_wconf 95' lang='lat' dir='ltr'> </span> 
     </span>
    </p>
   </div>
  </div>
 </body>
</html>
