2706 4718
1152 423 1163 463 l

592 496 760 530 ..,...

142 606 239 704 pide,
259 608 418 682 Socrates
437 607 550 680 adluit
569 631 577 679 :
598 606 838 680 delectabatur
851 607 947 680 enim
966 607 1123 696 homine,
1147 608 1203 680 vi-

143 743 269 817 delicet
285 749 428 838 propter
440 742 648 839 sapientiam
669 748 703 816 et
725 717 925 827 carminum
942 738 1134 815 virtutem¹
1164 771 1198 811 ».

143 875 236 962 Quin
256 877 363 950 etiam
378 899 419 950 ea
434 877 525 950 inter
538 898 598 950 eos
613 875 831 949 consuetudo
843 874 964 948 habita
978 874 1068 949 adeo
1084 896 1203 970 aequa-

141 1011 231 1084 lium
250 1008 372 1083 oculos
392 1011 575 1099 convertit,
598 1019 634 1082 ut
654 1031 776 1082 rumor
793 1009 895 1082 luerit
915 1009 1120 1106 Euripidem
1139 1009 1201 1083 ali-

143 1144 288 1240 quando
315 1143 467 1217 Socratis
503 1144 613 1241 ipsius
639 1144 770 1218 auxilio
798 1144 832 1215 in
866 1144 1038 1240 lingendis
1071 1143 1201 1217 tabulis

146 1300 249 1350 usum
270 1277 377 1350 luisse
398 1303 406 1351 :
429 1278 523 1351 unde
550 1278 767 1352 comicorum
789 1277 933 1373 quidam
954 1277 996 1351 de
1028 1277 1203 1352 Troadum

143 1413 213 1487 sire
229 1415 359 1487 Troum
372 1411 492 1485 sabula
504 1412 582 1485 haec
598 1409 727 1508 populo
739 1410 1109 1508 proclamansjocatus
1121 1417 1173 1485 est
1191 1436 1200 1484 :

300 1577 405 1661 Φρύγες
420 1577 476 1638 ἐστὶ
489 1577 579 1638 καινὸν
591 1579 679 1660 δρᾶμα
692 1575 763 1636 τοῦτ’
778 1577 928 1659 Εὐριπίδου,

300 1667 322 1759 ᾧ
336 1677 382 1736 καὶ
396 1674 431 1736 τὰ
445 1675 553 1760 φρύγαν’
569 1675 707 1749 ὑποτίθησι
719 1675 865 1759 Σωκράτης
877 1677 900 1735 ².

192 1829 233 1898 Et
252 1825 346 1923 apud
367 1825 514 1899 Calliam
534 1827 570 1899 in
598 1827 772 1901 comoedia
796 1828 912 1900 Πεδῆται
935 1829 1040 1920 dicta,
1064 1832 1203 1930 Euripi-

144 1960 203 2033 des
220 1960 366 2033 cuidam
381 1961 512 2034 (llcessll
528 1986 536 2034 :
556 1995 568 2024 ι
586 1968 658 2043 Ἤδη
673 1967 705 2029 σὺ
717 1974 812 2051 σεμνῇ,
825 1968 868 2030 adr
882 1975 984 2054 ρρονεῖς
998 1968 1067 2030 ducor
1082 1971 1170 2052 μέγας
1189 1999 1201 2026 n

144 2095 222 2168 llaec
240 2095 450 2191 respondere
464 2095 663 2191 fingebatur
684 2120 693 2169 :
710 2128 722 2160 ί
740 2103 844 2174 Ἔξεστι
858 2103 908 2187 γάρ
920 2128 975 2184 μοι·
988 2105 1137 2189 Σωκράτης
1150 2106 1201 2190 γὰρ

144 2236 265 2305 αἴτιος.»
295 2211 498 2303 Notandum
529 2232 635 2303 etiam
666 2229 761 2326 qnod
797 2230 924 2302 cecinit
952 2231 1027 2326 ipse
1059 2232 1200 2328 Apollo,
1267 2329 1272 2336 ἢ

144 2385 256 2458 quum
268 2386 289 2437 a
303 2363 435 2459 tragico
450 2370 553 2459 poeta
572 2362 833 2460 Chaerephonte
852 2365 1101 2438 consuleretur
1116 2365 1201 2460 quid

144 2496 187 2568 de
207 2485 348 2570 Socrate
369 2497 540 2568 sentiret:

299 2667 384 2751 Σορὸς
396 2669 544 2748 Σοροκλῆς,
559 2664 705 2749 σοφώτερός
717 2669 744 2746 γ’
759 2665 908 2750 Εὐριπίδης·

298 2765 400 2847 ἀνδρῶν
413 2763 564 2824 δ’ἁπάντων
579 2764 726 2846 Σωκράτης
740 2761 894 2847 σοφώτατος
911 2766 935 2824 ³.

195 2920 297 2992 Haud
320 2890 464 3013 fortuito
490 2916 657 2990 accidisse
676 2917 828 2991 arbitror
847 2926 884 2992 ut
910 2917 1095 3016 Euripides
1115 2939 1202 3014 pro-

145 3053 259 3126 ximus
280 3052 411 3126 Socrati
433 3051 483 3125 sic
506 3051 777 3144 adscriberetur,
794 3060 900 3149 atque
919 3053 1023 3127 etiam
1043 3049 1201 3149 ejusdem

147 3186 218 3261 lere
237 3187 354 3260 laudis
380 3186 417 3259 in
445 3186 646 3260 societatem
667 3187 812 3261 veniret.

195 3325 272 3395 Non
291 3322 371 3395 ideo
388 3328 505 3395 tamen
526 3320 617 3393 mihi
639 3321 732 3394 venit
753 3320 789 3392 in
807 3327 962 3394 mentem
982 3341 1104 3393 eorum
1127 3340 1204 3415 par-

146 3461 198 3527 tes
221 3454 322 3551 sequi
338 3454 398 3549 qui
418 3461 556 3527 tantum
575 3454 611 3528 id
627 3454 741 3528 valere
760 3456 1018 3545 existimarunt,
1042 3460 1079 3528 ut
1101 3453 1204 3527 Euri·
1300 3512 1303 3517 .

146 3587 265 3684 pidem
285 3589 436 3661 Socratis
451 3587 664 3686 discipulum
683 3590 851 3679 dicerent,
877 3613 942 3664 neo
961 3594 1056 3664 certe
1076 3611 1203 3662 assen-

145 3720 212 3792 tiar
225 3721 281 3794 his
298 3717 411 3794 verbis
429 3721 530 3794 Gellii
547 3729 597 3795 :n
612 3723 794 3819 Euripides
817 3724 958 3797 auditor
976 3723 1040 3796 luit
1066 3723 1200 3819 physici

176 4050 196 4095 t.
217 4047 273 4094 l'ur.
295 4046 353 4094 laist.
375 4047 392 4095 Ι.
409 4048 440 4101 ΙΙ,
461 4060 482 4094 r.
504 4061 555 4096 xur.
575 4075 602 4082 —
620 4039 642 4098 d.
664 4049 737 4113 lliog.
755 4052 837 4102 laert.
853 4053 879 4101 iu
894 4056 1005 4101 sconti.
1032 4080 1053 4087 ›-
1072 4056 1093 4100 a.
1111 4052 1205 4100 setun

144 4128 170 4176 lu
187 4141 242 4174 roro
256 4126 342 4191 Σορὸς.
869 4118 872 4123 ’
