2706 4718
578 494 624 504 -
652 457 697 524 63
726 494 772 504 -

142 628 213 703 que
231 611 265 679 et
285 606 462 677 sincerum
485 610 624 694 (καθαρός,
644 612 753 711 sparte)
775 605 950 699 professus
971 605 1096 677 luerat.
1116 608 1219 700 Ergo

140 739 233 813 nihil
253 747 305 812 est
325 734 424 811 dubii
438 733 524 831 quin
546 735 742 832 Euripides,
763 738 976 833 Anaxagorae
997 736 1203 834 discipulus,

140 875 168 948 si
187 878 304 948 Deum
324 894 400 945 esse
420 871 622 958 crediderit,
637 871 802 944 eumdem
815 895 926 943 unum
945 893 1020 944 esse
1032 893 1096 968 pro
1110 878 1206 943 certo

142 1005 325 1080 habuerit.
351 1004 441 1078 Fieri
460 1012 576 1077 autem
593 1009 758 1099 potestat
778 1011 910 1077 veteres
930 1004 982 1075 illi
1004 1002 1206 1101 philosophi

144 1150 178 1214 et
197 1141 272 1237 ipse
295 1142 453 1213 Socrates
473 1117 565 1211 inira
585 1161 698 1210 unum
717 1146 751 1212 et
771 1138 885 1212 solum
917 1141 1029 1211 Deum
1054 1139 1208 1212 minores

149 1296 230 1346 esse
238 1274 321 1346 deos
335 1279 369 1346 et
386 1271 537 1345 subinde
551 1274 671 1368 genios
693 1272 938 1367 daernoniaque
954 1272 1199 1345 existimarint.

154 1406 240 1480 lnde
258 1412 297 1479 ut
316 1406 408 1502 apud
421 1405 555 1501 priseos
571 1404 812 1502 philosophos,
822 1405 871 1478 ita
889 1404 1210 1502 apudXenophon-

147 1546 273 1614 temet
301 1539 481 1613 Platonem
510 1523 551 1613 et⁴
564 1540 786 1615 Aristotelem
806 1548 912 1638 atque
935 1543 1040 1616 etiam
1055 1543 1210 1624 ,Cicero-

147 1700 243 1765 nem,
280 1678 484 1748 Graeoornm
510 1675 745 1772 philosophie
783 1677 1027 1773 interpretem,
1062 1677 1208 1752 alternae

148 1810 237 1882 rioes
269 1809 366 1882 luere
395 1808 487 1881 inter
516 1816 586 1878 Θεόν
612 1816 646 1881 et
676 1814 761 1897 θεούς,
788 1808 1071 1897 Demetrium,
1101 1809 1149 1881 ita
1169 1815 1206 1879 ut

149 1944 274 2017 eodem
293 1941 481 2016 verborum
494 1940 627 2015 ambitu
650 1966 743 2015 unus
761 1943 798 2014 in
819 1943 937 2040 plures
956 1951 1015 2015 aut
1035 1941 1154 2038 plures
1172 1943 1210 2014 in

148 2100 260 2150 unum
280 2082 472 2151 vertantur.
491 2079 562 2149 Nec
580 2077 712 2149 mirum
733 2077 829 2151 idem
850 2077 1009 2174 Euripidi
1026 2076 1210 2166 accidisse,

149 2220 186 2284 ut
215 2211 298 2285 satis
317 2219 452 2285 constat
476 2211 597 2284 multis
616 2211 703 2284 loris
727 2234 815 2307 quos
838 2233 1048 2286 enumerare
1067 2212 1214 2308 longum

147 2351 215 2418 est.

200 2616 262 2684 lll.
291 2616 393 2685 Nunc
416 2614 452 2684 in
474 2613 700 2702 divinatione,
723 2613 766 2688 de
791 2637 861 2711 qna
886 2617 1059 2690 mentioa
1081 2617 1215 2702 Theseo

151 2770 258 2845 supra
277 2748 368 2821 lacta
382 2756 447 2838 est,
464 2756 500 2822 et
518 2748 553 2821 in
576 2751 725 2823 oraculis
742 2772 805 2847 per
824 2774 903 2848 quae
929 2755 1021 2827 Deus
1039 2752 1213 2828 credeba-

149 2891 207 2953 tur
223 2904 305 2955 rum
332 2882 541 2955 mortalibus
561 2881 803 2978 quotidianam
830 2888 1123 2961 consuetudinem
1143 2887 1213 2960 ha-

150 3013 231 3090 bere
245 3016 424 3114 paulisper
438 3016 701 3090 immorandum
719 3040 727 3085 ε
744 3041 827 3092 nam
846 3020 883 3093 id
898 3043 1040 3118 quoque
1058 3020 1213 3095 notabile

147 3158 211 3240 est,
233 3152 412 3254 Socratem
435 3152 565 3248 pariter
590 3160 624 3226 et
655 3153 858 3250 Euripidem
885 3179 981 3229 nunc
1001 3156 1214 3230 divinatione
1294 3151 1297 3156 ’

148 3285 246 3380 quasi
266 3295 475 3383 argumento
496 3310 576 3361 usos
596 3310 672 3362 esse
694 3311 765 3385 quo
785 3289 847 3364 Dei
873 3263 1128 3386 providentiam
1153 3288 1214 3362 de-

147 3428 397 3508 monstrarent,
410 3443 507 3496 nunr
521 3423 682 3496 eamdem
699 3422 894 3497 indubium
908 3423 1096 3498 meavisse.
1112 3424 1215 3509 Quod

133 3555 190 3638 ,ad
209 3558 403 3644 Socratem,
427 3555 509 3627 satis
531 3561 667 3630 constat
688 3556 769 3629 idei
788 3556 928 3629 crimini
950 3579 1087 3631 versum
1110 3557 1216 3630 luisse

155 3717 171 3754 «ι
190 3688 286 3784 qnod
305 3711 346 3762 ea
366 3687 526 3779 numina,
551 3713 631 3785 quaa
655 3690 774 3763 civitas
793 3714 856 3786 pro
877 3690 943 3764 diis
964 3689 1107 3781 coleret,
1132 3692 1216 3765 deos

152 3843 222 3895 nen
242 3819 402 3936 liaberet,
428 3819 498 3893 alia
522 3843 603 3894 vero
623 3821 771 3894 numina
789 3844 878 3895 nova
897 3822 1172 3897 introduceret&
1192 3832 1207 3890 o
1342 3853 1345 3861 ¹

187 4123 208 4168 l,
224 4120 299 4169 Mem.
316 4117 333 4166 l.
350 4117 369 4178 l,
383 4133 407 4168 e.
424 4132 441 4167 ι.
