2706 4718
575 489 622 501 -
649 448 694 521 49
722 453 768 501 .·.

147 601 242 674 idem
275 619 403 704 «quos,
424 596 487 686 ait,
518 619 633 672 servos
657 598 898 672 animadverto
925 595 1061 669 laudari
1096 619 1116 669 a
1146 620 1202 670 me

142 756 283 831 cupere,
306 733 370 804 hos
385 731 488 826 [velut
504 733 673 828 ingenuos
693 740 816 819 tracto,
841 754 956 827 neque
977 731 1100 805 divites
1120 739 1203 804 tan-

146 875 220 939 tum
242 867 345 955 facio,
368 866 429 940 sed
448 867 553 940 etiam
572 867 708 940 honore
736 889 943 965 prosequor,
969 873 1007 937 ut
1031 864 1122 938 viros
1142 864 1205 938 bo-

144 1024 208 1074 nos
237 1011 270 1075 et
295 1003 461 1078 honestos
479 1014 503 1076 ¹.
522 1033 537 1070 u
567 1007 650 1076 Haeo
675 1027 817 1100 prorsus
839 1027 929 1078 nova
949 1011 1048 1076 erant
1074 1025 1114 1075 ac
1135 1003 1207 1076 iere
1273 1049 1279 1089 3

126 1135 306 1208 'inaudita
330 1161 338 1207 :
362 1159 458 1225 nam,
483 1137 643 1231 quamvis
664 1136 803 1210 Solonis
825 1135 962 1232 legibus
982 1159 1097 1233 poenae
1119 1157 1210 1209 eon-

146 1253 274 1344 stituta'e
302 1277 428 1357 essent,
456 1269 484 1342 si
509 1270 588 1366 quis
609 1293 706 1345 servo
735 1270 804 1342 rim
829 1271 1017 1359 intulisset,
1051 1270 1210 1367 quamvis

148 1405 252 1476 etiam
271 1403 505 1476 Athenienses
519 1400 626 1476 seruis
653 1403 785 1498 quiad
804 1401 982 1475 Salamina
1008 1409 1042 1475 et
1063 1403 1210 1476 Plataeas

147 1537 394 1612 occubuissent
419 1537 561 1611 eosdem
580 1560 670 1634 quos
691 1537 854 1633 ingenuis
873 1537 954 1610 viris
977 1535 1120 1633 publice
1146 1537 1210 1610 ho·

137 1683 257 1746 nores
276 1671 495 1762 tribuissent,
509 1671 743 1745 nihilominus
758 1695 889 1745 nomen
904 1671 991 1745 servi
1007 1677 1041 1744 et
1055 1670 1159 1745 etiam
1171 1672 1213 1744 li-

152 1804 241 1879 berti
255 1806 303 1878 ita
316 1807 353 1878 in
364 1813 570 1903 contemptu
585 1815 661 1881 erat
674 1815 712 1881 ut
725 1830 807 1880 cum
821 1805 985 1903 plurimis
996 1814 1071 1878 tum
1081 1806 1213 1880 Aristo-

149 1939 207 2013 teli
226 1941 315 2013 nihil
329 1941 427 2016 aliud
445 1965 565 2016 servus
584 1941 762 2016 videretur
781 1941 847 2014 nisi
868 1941 1063 2014 auimatum
1077 1941 1213 2012 instru-

150 2085 302 2145 mentum
315 2077 340 2146 2.
363 2075 548 2172 Euripides
567 2082 685 2148 autem
704 2056 741 2147 in
759 2099 801 2149 eo
817 2076 1061 2148 niaximeeum
1074 2077 1215 2148 Socrate

151 2206 336 2279 consentit.
362 2207 465 2280 Haud
485 2229 567 2280 sane
586 2208 760 2280 consultat
776 2231 863 2279 num
878 2209 960 2303 jure
975 2207 1126 2303 quodam
1149 2230 1211 2280 ua-

149 2339 253 2411 turali
270 2341 442 2437 ingenuus
454 2340 515 2414 itte
535 2343 688 2429 animus,
711 2341 879 2438 mancipii
898 2364 1047 2437 corpore
1065 2341 1212 2414 fortuito

152 2474 402 2566 circumdatus,
425 2477 527 2550 sitin
553 2476 629 2550 heri
655 2477 805 2572 aiicujus
837 2483 1027 2574 potestate:
1063 2475 1124 2548 sed
1151 2498 1215 2548 sna

154 2606 386 2699 nobilitatem,
404 2634 484 2706 quae
506 2609 631 2683 virtute
658 2611 823 2684 destituta
842 2619 906 2700 est,
927 2608 1031 2682 laude
1045 2608 1153 2697 exuit,
1176 2615 1210 2681 et

135 2717 275 2815 ¹eontra
304 2741 488 2815 infamiam
517 2742 716 2833 servitutis,
748 2744 805 2816 eni
834 2744 943 2818 virtus
971 2742 1111 2816 addicta
1138 2749 1207 2830 est,

154 2872 255 2947 levat.
275 2878 362 2948 Nam
384 2877 426 2950 de
441 2876 650 2951 nobilitate:

260 3043 420 3101 Nobilitatis
435 3062 519 3101 eausa
529 3062 620 3117 pauca
632 3046 725 3102 habeo
740 3046 817 3117 quod
832 3046 925 3101 dicam
940 3045 1015 3100 bona
1032 3025 1046 3098 ε’

262 3135 357 3188 Bonus
371 3135 448 3190 enim
466 3135 582 3206 quidem
597 3135 700 3191 nobilis
711 3136 753 3190 vir
767 3135 838 3189 mihi
853 3135 985 3208 (ridetur)
1003 3150 1009 3190 :

261 3222 386 3293 tnjustus
399 3240 477 3291 vero,
494 3223 606 3278 etiamsi
621 3224 740 3279 meliore
753 3227 834 3294 patre

261 3309 354 3374 Quam
370 3316 413 3367 est
426 3311 538 3383 Jupiter
553 3316 636 3367 natus
649 3313 696 3380 sit,
712 3311 849 3383 ignobilis
866 3328 927 3366 esse
945 3309 1056 3365 videtur
1071 3321 1091 3363 ³.

156 3457 201 3527 At
221 3455 548 3551 multopraeclarius
567 3458 610 3531 de
630 3457 763 3532 servis:
850 3532 858 3549 ,

357 3625 418 3681 Una
431 3626 508 3681 enirn
523 3643 568 3682 res
585 3627 673 3682 servis
688 3626 809 3681 dedecus
824 3625 915 3690 affert,

359 3716 467 3770 Nomen
484 3734 490 3771 :
507 3717 585 3788 quod
599 3734 665 3772 vero
681 3718 717 3771 ad
736 3719 842 3782 cetero,
863 3709 959 3767 liberis

358 3805 456 3860 Nullus
471 3806 595 3862 deterior
609 3824 715 3872 seruus,
732 3805 780 3877 qui
797 3804 934 3858 honestus
949 3799 1034 3854 tuerit
1050 3809 1069 3853 ⁵.

194 4034 216 4080 t.
227 4031 361 4081 OEconom.
374 4047 396 4080 c.
411 4045 458 4081 xu'.
469 4059 497 4068 -
506 4035 528 4082 2.
543 4031 670 4098 Ἔμψυχον
686 4034 798 4098 ὄργανον.
810 4027 883 4077 Polit.
900 4026 916 4074 Ι,
934 4025 954 4078 t,
967 4038 989 4070 c.
1005 4037 1028 4071 u.
1039 4049 1066 4058 -
1077 4026 1100 4070 :t.
1118 4021 1220 4084 tropus.

163 4114 204 4162 ed.
222 4117 307 4178 titusg.
330 4130 356 4177 p.
375 4117 430 4163 6⁰5.
447 4129 469 4163 x.
483 4142 512 4148 -
525 4117 546 4162 t.
561 4115 603 4161 Ion
619 4129 643 4163 v.
662 4114 772 4162 aot-ast.

1103 4195 1119 4247 d
