2706 4718
576 471 622 480 -
649 434 694 501 aa
720 471 768 503 ÷
856 416 861 428 ’

194 587 268 654 Una
294 589 345 655 est
369 581 478 653 virtus
502 602 608 676 quam
641 580 794 652 maxime
826 581 984 651 Socrates
1018 577 1143 673 probat
1171 585 1204 651 et

63 695 66 701 ⁸
143 717 336 813 praedicare
366 715 471 806 solet,
506 715 701 788 moderatio
730 714 784 787 vel
814 713 1056 810 temperantia,
1091 716 1204 798 Quam

145 854 288 949 quidem
309 857 347 925 ut
368 851 447 940 rita,
470 851 518 923 ita
532 850 717 946 colloquiis
737 872 921 946 nunquam
942 873 1012 923 non
1026 871 1206 922 commen·
1267 851 1271 858 “

146 988 238 1060 davit
264 985 380 1062 :illuc
409 984 504 1058 enim
529 985 680 1081 pertinet
706 984 777 1058 sere
804 983 928 1057 omnis
953 1005 1069 1056 sermo
1099 1005 1205 1078 quem

141 1122 309 1197 habuisse
329 1091 440 1195 fertur
462 1145 544 1193 cum
568 1121 723 1218 sophista
746 1119 975 1216 Antiphonte‚
1004 1120 1064 1216 qui
1090 1119 1206 1215 ipsum
1235 1117 1239 1128 '

142 1262 306 1351 arguerat
324 1256 423 1351 quasi
448 1255 650 1328 calamitose
670 1253 805 1326 vivendi
825 1260 937 1326 artem
959 1254 1159 1326 institueret
1180 1254 1203 1326 ¹.

44 1437 48 1445 -
142 1392 250 1462 Docet
270 1391 429 1462 Socrates
449 1395 609 1484 oportere
627 1386 790 1494 homines
817 1386 852 1457 iu
874 1385 997 1481 patriis
1017 1385 1154 1481 legibus
1173 1390 1207 1458 et

143 1522 313 1618 religione
335 1528 440 1610 stare,
470 1529 508 1595 ut
532 1523 606 1620 ipse
633 1523 799 1619 praecepit
826 1520 972 1621 Apollo;
1004 1545 1110 1618 parvo
1134 1543 1207 1595 esse

41 1662 43 1664 ’
144 1664 346 1742 contentos,
380 1679 451 1752 quo
488 1656 625 1729 facilius
654 1658 777 1754 patriae
816 1658 969 1754 prosint,
1000 1657 1208 1731 similitudi-

143 1792 454 1887 nemqucdeorum
468 1791 626 1886 ipsorum
646 1796 852 1887 sequantur,
875 1791 936 1886 qui
956 1789 1047 1862 nihil
1067 1789 1209 1863 sibimet

144 1926 343 2000 desiderent
383 1935 414 2014 ²;
455 1925 612 2021 corporis
648 1924 792 2021 quidem
838 1919 1030 2021 voluptates
1068 1926 1206 2020 fugere,

147 2081 298 2153 quarum
331 2055 531 2128 titillatione
560 2054 670 2127 animi
704 2062 802 2128 extra
833 2079 868 2129 se
897 2057 1033 2128 excussi
1068 2078 1210 2129 sursum
1256 2038 1263 2050 ’

147 2193 313 2266 deorsum
338 2212 450 2286 usque
470 2190 667 2284 jactentur;
692 2191 851 2263 modeste
884 2195 1003 2262 autem
1032 2197 1066 2262 et
1098 2186 1213 2261 sobrie

148 2350 327 2424 prospere
356 2325 567 2398 valetudinis
598 2333 658 2398 aut
688 2327 839 2399 lortunae
866 2325 969 2399 bonis
992 2326 1054 2431 uti,¹
1085 2324 1213 2419 quibus

149 2464 422 2557 omnitempore
443 2461 567 2557 privari
589 2461 763 2558 possimus
784 2462 809 2533 ³.

201 2601 286 2683 Quae
305 2595 450 2692 quidem
469 2603 644 2692 praecepta
667 2597 712 2668 ad
734 2604 890 2669 nostram
911 2594 1097 2668 utilitatem
1108 2578 1213 2694 ,rect'e

109 2715 113 2724 ⁸
144 2739 371 2828 >perspectam
393 2731 640 2826 cognitamque
658 2732 923 2803 accommodata
948 2728 1071 2804 crebro
1091 2736 1124 2802 et
1148 2733 1215 2801 Eu-

153 2859 286 2962 ripides
297 2863 415 2938 tradit.
431 2868 528 2936 Unus
544 2863 688 2959 quidem
704 2862 802 2936 locus
817 2871 868 2936 est
882 2863 944 2936 ille
963 2863 1213 2937 celeberrimus

155 2998 193 3070 in
212 3014 283 3094 quo
305 2998 451 3094 Cyclops
471 2997 676 3070 effrenatam
694 2997 885 3071 libidinum
905 2999 1213 3095 intemperantiam

157 3130 302 3233 comicis
317 3138 419 3204 ornat
432 3129 598 3205 laudibus
620 3131 644 3219 l,
667 3133 781 3206 multo
794 3140 912 3208 tamen
924 3135 1043 3231 plures
1058 3111 1218 3231 prolerre

159 3289 361 3361 possumus,
383 3266 444 3362 qui
473 3265 654 3361 puriorem
675 3274 709 3340 et
728 3290 807 3341 vere
828 3269 1042 3341 Socraticam
1062 3270 1106 3343 de
1127 3278 1221 3342 tem·-

158 3401 316 3494 perantia
334 3381 560 3497 disciplinam
580 3401 753 3474 redolent.
773 3405 891 3487 Quum
910 3402 1057 3499 longum
1078 3403 1122 3476 sit
1141 3404 1221 3476 siu-

138 3513 259 3628 'gulos
278 3556 497 3631 expromere,
521 3556 651 3630 paucos
677 3535 784 3608 modo
815 3535 1050 3611 transcribere
1080 3535 1222 3611 abunde

159 3669 224 3741 erit
246 3694 255 3741 ε

191 3995 214 4040 r.
229 3959 338 4040 uemssr.
351 3990 371 4050 1,
392 4003 413 4039 a
430 4002 463 4040 vr.
483 4016 512 4024 -
530 3992 552 4039 2.
574 3987 648 4049 rara,
664 3987 700 4037 ra.
720 4016 748 4023 -
766 3991 789 4038 a.
810 3987 884 4049 rara,
900 3988 917 4038 1.
934 3989 976 4048 ιν,
994 4001 1091 4038 c.11.—
1109 3990 1131 4037 r.
1150 3984 1226 4051 cpe.w

160 4087 186 4124 v.
202 4077 248 4124 alo
261 4077 287 4124 et
301 4087 358 4138 sqq.
