2706 4718
573 387 762 458 ..20-

68 528 70 532 ¹
138 540 298 612 honestae
315 533 509 609 videantur.
535 536 628 606 Num
652 531 694 605 ab
716 500 869 625 utroque
895 528 1056 603 dissentit
1081 536 1200 603 noster

75 699 76 702 ¹
147 675 278 768 poeta?

217 838 282 891 Non
295 834 412 907 pulchre
430 832 523 888 dicere
539 836 653 905 oportet
669 831 699 886 in
713 833 798 887 rebus
810 831 983 903 inhonestis3

217 926 280 979 Non
296 923 372 978 enim
386 922 539 976 honestum
552 921 632 990 illud,
650 921 698 977 sed
710 919 827 992 justitiae
847 920 1000 975 molestum
1016 920 1037 973 ¹.

195 1039 381 1161 Euripides
402 1071 469 1138 stat
487 1064 592 1139 etiam
620 1088 639 1139 a
657 1066 811 1154 Socrate,
836 1087 945 1160 quurn
965 1061 1201 1158 eloquentiam

41 1198 45 1204 ’
145 1223 186 1275 ex
207 1223 321 1274 causae
335 1200 499 1296 aequitate
517 1199 691 1297 imprimis
706 1199 858 1295 pendere
874 1196 1061 1294 profitetur
1088 1222 1095 1268 :
1120 1218 1201 1268 nam

145 1344 277 1426 censet,
299 1336 503 1432 quicunque
528 1357 592 1433 pro
613 1335 752 1408 veritate
768 1333 873 1424 dicat,
891 1356 971 1406 eum
993 1353 1094 1428 posse
1117 1353 1203 1403 con-

145 1468 254 1542 fidere
268 1490 305 1541 se
325 1468 431 1541 fidem
449 1468 572 1540 ceteris
588 1467 786 1542 sactorum:

150 1704 153 1708 ¹
216 1638 310 1702 Quum
325 1637 438 1708 sapiens
457 1638 499 1693 vir
519 1641 618 1692 nactus
634 1636 689 1691 fuit
703 1635 814 1692 dicendi

84 1714 85 1717 ¹
215 1729 308 1782 Bonas
324 1727 562 1799 opportunitates,
579 1744 637 1782 non
657 1727 778 1782 arduum
793 1742 865 1797 opus
879 1726 952 1780 hene
967 1724 1058 1780 dicero
1074 1724 1095 1778 2.

192 1875 350 1946 Socrates
376 1879 496 1945 autem
523 1873 560 1943 in
587 1895 629 1944 eo
649 1872 800 1944 maxime
825 1871 988 1968 sophistis
1013 1873 1199 1967 discrepat,

144 2011 235 2107 qood
265 2011 366 2084 docet
386 2016 520 2082 certum
549 2009 726 2104 quoddam
754 2015 787 2081 et
813 2009 1002 2117 peculiare,
1033 2033 1102 2105 quo
1122 2031 1203 2082 vera

56 2169 58 2173 ’
146 2146 416 2248 dignoscantur,
446 2167 520 2218 esse
542 2125 680 2240 signnm
709 2144 804 2241 quod
828 2147 922 2243 apud
949 2169 1031 2219 eum
1057 2163 1087 2223 τὸ
1102 2165 1202 2223 ἁπλοῦν

144 2281 299 2368 dicitur3
337 2286 371 2352 et
403 2277 498 2352 idem
534 2280 609 2374 ipse
641 2279 712 2351 suis
750 2272 972 2354 sermonibus
1001 2281 1200 2370 confirmat,

145 2435 295 2510 quorum
328 2411 509 2508 plerique,
541 2434 561 2483 a
590 2407 827 2518 sophistarum
865 2412 1048 2486 fraudibus
1080 2412 1200 2502 alieni,

46 2586 48 2590 ·
109 2541 264 2619 ·'rerum
284 2538 491 2643 dignitatem
511 2546 663 2642 quodam
684 2529 870 2621 verborum
886 2548 1102 2644 ingenuitate
1117 2555 1206 2621 tern-

145 2686 281 2776 perant.
316 2679 398 2752 ldeo
425 2703 497 2754 non
535 2703 593 2754 me
617 2683 783 2778 poeniteat
808 2684 951 2784 credere
984 2677 1202 2779 Euripidem,

146 2814 252 2888 modo
272 2837 290 2886 a
310 2813 461 2888 Socratis
477 2814 656 2910 colloquio
676 2817 885 2913 digressum,
900 2819 978 2892 haec
997 2818 1202 2914 scripsisse:

215 2982 340 3054 Simplex
356 2982 464 3054 (ἁπλοῦς)
483 2983 573 3039 oratio
588 2983 714 3039 veritatis
729 2989 781 3054 est,

215 3071 271 3125 Nec
284 3071 403 3127 versutis
419 3076 503 3144 egent
513 3074 593 3146 juste
611 3074 833 3146 conjectionihus
850 3093 856 3131 :

215 3160 326 3215 Habent
339 3161 415 3217 enim
434 3162 496 3232 ipsa
510 3162 622 3233 pondus
635 3179 641 3231 ;
657 3163 763 3235 injusta
782 3168 878 3220 antem
893 3182 987 3234 causa,

217 3249 313 3313 Quum
325 3268 377 3322 per
392 3266 421 3306 se
436 3254 565 3322 aegrotet,
582 3244 716 3308 remediis
730 3258 794 3325 eget
811 3255 998 3325 praesentibus
1014 3255 1035 3308 ³.

194 3394 265 3466 Nec
299 3394 396 3467 Plato
426 3393 604 3468 invehitur
628 3396 749 3470 solum
776 3399 826 3470 in‘
845 3397 947 3472 vilem
976 3407 1010 3471 et
1042 3406 1205 3472 contem-

143 3527 300 3600 nendam
329 3496 555 3622 rhetoricam,
583 3533 644 3605 sed
670 3532 801 3629 tlagitat
827 3534 930 3606 etiam
957 3540 997 3615 ut
1023 3533 1059 3605 in
1086 3534 1202 3624 istam,

146 3670 347 3761 corruptam
371 3664 502 3762 quippe
525 3674 559 3740 et
584 3667 852 3765 corruptricem,
883 3670 1106 3765 magistratus
1122 3671 1205 3745 ani-

175 3973 197 4021 6.
212 3970 322 4024 Plane.
339 3986 366 4024 v.
381 3976 426 4025 ses
446 3976 473 4024 et
491 3975 545 4025 sar.
561 4001 590 4011 -
607 3976 631 4025 6.
652 3960 746 4023 uacca?
761 3991 786 4025 v.
803 3959 849 4029 aaa
862 3981 889 4028 et
902 3980 955 4029 aer.
972 4005 1001 4014 -
1018 3979 1040 4027 a.
1056 3974 1165 4024 ruanis.
1178 3986 1203 4024 v.

144 4053 253 4105 ise-rra
