2706 4718
645 417 839 486 ..32-

404 564 516 637 (Mures)
533 568 642 619 certum
656 565 767 619 honum
782 581 905 636 semper.
948 597 965 653 ‘.
1023 636 1027 646 ³

346 660 349 664 ’
402 657 436 710 Et
450 655 580 710 educatio
596 658 679 732 recte
687 655 821 710 inst'tuta

406 743 527 798 Multum
540 745 617 799 valet
632 744 669 799 ed
681 745 817 799 virtutem
832 753 851 798 1.

260 889 304 958 ΙΙ.
334 889 511 959 Hactenus
531 886 665 959 dictum
684 892 737 959 est
756 885 800 959 de
817 884 859 956 iis
880 908 959 980 quae
979 884 1015 957 in
1044 885 1167 958 morali
1189 882 1272 959 duc-

209 1018 302 1092 ῐΓῙΠᾶ
321 1019 535 1093 Socratis'ad
549 1034 710 1118 θεωρητικὴν
725 1034 872 1114 ἐπιστήμην
891 1019 1066 1115 imprimis
1086 1026 1270 1117 speciant&

209 1167 306 1227 nunc
332 1177 450 1228 rerum
483 1155 608 1227 ordine
642 1130 924 1227 adducimur'ut
955 1153 1208 1250 philosophum
1239 1162 1272 1226 et

209 1273 348 1381 poetam
374 1290 597 1362 conseramus
617 1289 654 1360 iu
680 1289 722 1360 iis
747 1312 827 1384 quae
845 1289 890 1361 ad
914 1302 1061 1387 πρακτικὴν
1073 1303 1181 1387 ἀρετὴν,
1203 1288 1272 1390 sive
1336 1332 1341 1347 -

209 1422 380 1495 uirtutum
410 1423 677 1522 officiorumque
718 1423 796 1496 vitae
829 1425 997 1496 humanae
1037 1423 1270 1525 cognitionem

91 1634 95 1642 ,
209 1565 243 1628 ct
274 1581 391 1647 usum,
422 1560 611 1654 pertinent.
649 1551 766 1630 Primo
798 1537 943 1653 quidem
972 1568 1137 1655 aspectu,
1174 1557 1273 1631 nulla

146 1696 148 1699 ’
210 1687 289 1786 pars
307 1691 420 1788 operis
443 1693 552 1765 nostri
577 1691 716 1787 planior
736 1698 770 1764 et
808 1691 944 1765 facilior
967 1699 1030 1764 est.
1068 1696 1273 1788 Promptum

210 1827 304 1898 enim
318 1849 401 1900 esse
420 1816 558 1900 videtur
576 1827 670 1922 apud
689 1826 895 1923 Euripidem
916 1827 1105 1903 sententias
1125 1835 1157 1900 et
1178 1851 1274 1924 prae-

211 1969 310 2069 cepta
324 1961 478 2056 plurima
497 1960 655 2033 invenire
677 1984 769 2054 qum,
791 1960 891 2033 nulla
914 1961 945 2034 vi
973 1968 1033 2034 aut
1053 1960 1274 2035 cavillatione

211 2091 381 2183 adhibita,
403 2117 444 2167 ex
465 2093 643 2185 Socratica
656 2092 828 2193 sapientia
844 2100 927 2167 nata
942 2117 1017 2168 esse
1030 2095 1171 2169 dixeris.
1190 2098 1273 2180 Qua

209 2235 327 2300 tamen
349 2228 401 2300 via
420 2249 527 2322 quam
547 2227 589 2299 sit
609 2226 748 2310 lubrica
762 2229 883 2325 paucis
898 2230 1161 2326 explicandum.

235 2454 238 2461 .
259 2363 360 2448 Quod
380 2361 474 2436 euim
493 2341 595 2434 nobis
616 2362 774 2458 jamnon
797 2365 904 2437 semel
917 2363 1024 2468 objici
1045 2368 1159 2462 putuit
1178 2368 1271 2441 idem

139 2536 141 2541 .
211 2495 451 2569 vehementius
470 2497 631 2585 recurrit,
655 2521 770 2592 neque
784 2498 821 2571 id
840 2505 891 2571 est
906 2499 1002 2595 quod
1017 2507 1088 2572 tam
1102 2501 1205 2575 facile
1218 2525 1271 2574 re-

212 2631 365 2704 fellatur.
390 2633 593 2707 Verendum
620 2656 664 2707 ne
690 2601 804 2705 causae
828 2641 957 2706 nostrae
979 2633 1044 2729 ipsi
1064 2655 1266 2721 noceamus,

211 2765 297 2838 dum
327 2767 372 2839 ad
402 2790 478 2840 cam
512 2768 792 2841 confirmandam
826 2773 1051 2862 argumenta,
1080 2775 1123 2840 ut
1159 2769 1271 2864 prima

211 2925 361 2999 quaeque
398 2902 539 2989 adsunt,
580 2903 846 2975 accommodare
878 2903 1050 2976 videmur.
1093 2903 1271 3000 Proposita

213 3035 285 3108 scre
314 3033 470 3130 qualibet
499 3034 682 3122 sententia,
713 3033 804 3106 dicat
833 3035 959 3130 aliquis
985 3058 1063 3107 eam
1089 3060 1108 3109 e
1134 3044 1269 3110 naturae
1310 3058 1312 3063 ’

194 3168 264 3280 ⁸rel
283 3169 506 3248 conscientiae
528 3170 691 3241 universo
712 3167 808 3240 sonte
835 3168 1035 3259 defluxisse,
1058 3169 1119 3265 qui
1136 3169 1269 3243 nullius

213 3303 256 3375 sit
275 3302 449 3397 privatim,
470 3301 603 3374 nedum
623 3300 787 3374 Socratis.
817 3302 895 3374 Scio
924 3303 1089 3397 equidem
1109 3302 1199 3376 illud
1218 3304 1270 3400 ip-

211 3463 288 3512 sum
309 3439 512 3536 philosophi
533 3437 638 3510 unius
655 3437 837 3534 proprium
858 3437 932 3509 sieri
953 3460 1066 3534 posse,
1090 3440 1269 3535 quodjam

210 3582 313 3648 antea
340 3575 574 3647 enuntiatum.
591 3574 708 3646 forsan
729 3573 833 3646 suerit
857 3596 864 3644 :
886 3574 915 3645 is
936 3575 1030 3647 enirn
1049 3575 1085 3648 id
1104 3598 1184 3648 vere
1208 3598 1273 3649 oc-

211 3717 315 3807 cupat
348 3717 381 3784 et
414 3731 518 3782 suum
550 3709 651 3797 facit,
688 3707 715 3779 si
745 3730 823 3802 quae
852 3707 947 3793 inde
967 3716 1171 3806 sequentur,
1208 3717 1304 3782 nec'

143 3918 146 3922 ,
209 3844 308 3940 prius
323 3843 452 3918 tuerint
465 3843 747 3940 ceteriscegnita,
767 3842 901 3938 primus
915 3846 1096 3927 enucleate
1108 3845 1271 3942 explicat.

242 4111 264 4158 1.
283 4107 335 4171 Iplr.
355 4108 382 4157 in
400 4105 457 4156 Aul.
475 4122 501 4156 v.
518 4109 631 4158 aaa-564.
