2706 4718
360 1301 364 1315 .
464 1177 663 1307 curor
707 1223 789 1307 n<

370 1530 556 1581 EURiPiDES
582 1530 625 1579 ET
652 1531 839 1580 SOPHISTAE.

104 1735 140 1775 aa
159 1734 301 1775 nunrrrnrs
319 1734 348 1774 ru
366 1734 515 1773 rademons
535 1735 567 1773 ur
586 1735 717 1774 socnaras
736 1734 763 1772 rr
783 1733 944 1780 coccoourrs
963 1734 1106 1774 sormsras

454 1824 614 1865 rusacrarus
634 1807 752 1864 runnu?

67 2161 83 2195 ,
127 2094 161 2166 Si
189 2096 344 2190 quodam
373 2096 480 2170 modo
510 2095 580 2169 dici
607 2104 721 2193 potest
747 2100 926 2172 Socratem
951 2117 1058 2192 quam
1084 2117 1141 2168 so-
1189 2185 1191 2188 y

76 2226 203 2323 phistae
244 2230 468 2304 instituerant
515 2229 605 2303 viam
648 2230 809 2303 eamdem
850 2228 1021 2318 tenuisse,
1067 2250 1140 2301 non

77 2367 196 2436 tamen
227 2362 450 2438 infitiandum
482 2341 669 2439 neminem
695 2365 738 2437 iis
768 2365 892 2439 fortius
920 2345 1142 2437 adven-atum

79 2491 199 2568 inisse.
228 2496 379 2581 Quidam
406 2492 631 2588 recentiores,
654 2521 766 2593 quum
782 2520 980 2594 graecorum
1000 2495 1144 2594 sophis-

81 2637 197 2703 tarum
226 2655 369 2706 causam
401 2636 584 2723 tuendam,
617 2634 716 2732 quasi
746 2634 898 2731 patroni,
931 2617 1141 2730 suscipiunt,

79 2789 150 2841 non
186 2767 363 2862 dubitant,
394 2779 433 2845 ut
464 2776 646 2846 Socratem
679 2772 796 2869 ipsum
831 2770 970 2845 trahant
996 2768 1032 2840 in
1063 2789 1144 2841 suas
1208 2846 1218 2864 ‚

77 2910 207 2999 partes,
231 2904 326 2979 illius
345 2908 541 2981 doctrinam
566 2907 778 2996 adulterare,
796 2914 828 2979 et
853 2929 984 2980 uorum
1002 2905 1145 2978 fictum-

81 3061 151 3133 que
170 3040 349 3116 Socratem
373 3066 437 3139 pro
463 3064 545 3116 uero
568 3040 794 3116 adumbrare.
823 3044 966 3114 Frustra
989 3041 1145 3137 gestiunt

80 3177 202 3247 notam
226 3176 464 3273 sophistarum
488 3177 667 3251 nomini‘a
687 3177 829 3250 Socrate
853 3175 1063 3272 impressam
1084 3174 1144 3246 in-

82 3307 272 3396 terlinere;
309 3308 516 3406 quiquidem
544 3309 573 3383 is
605 3332 745 3405 semper
780 3308 966 3382 habendus
1001 3315 1053 3381 est
1085 3308 1147 3404 qui

81 3441 254 3517 acerrime
278 3442 501 3538 exagitaverit
525 3443 806 3517 commentitiam
831 3443 981 3515 istorum
1010 3443 1148 3540 sapien-

82 3579 183 3667 tiam,
207 3587 241 3653 et
260 3602 339 3653 eam
359 3579 403 3654 de
429 3578 597 3653 omnibus
625 3575 730 3651 rebus
754 3575 1026 3667 dubitationem,
1051 3603 1145 3674 quaa,

82 3735 195 3810 quum
216 3714 308 3788 nihil
334 3714 462 3790 habeat
490 3711 784 3812 «comprehensi,
807 3711 977 3809 percepti,
1002 3710 1145 3807 cogniti,

84 3850 264 3924 constituti
293 3849 318 3938 ¹,
349 3879 364 3918 u
398 3873 470 3925 non
497 3849 603 3925 modo
629 3846 838 3942 religionem
868 3854 902 3918 ot
933 3867 1061 3935 mores,
1088 3847 1150 3919 sed

116 4130 137 4176 t.
156 4125 234 4177 acad.
250 4126 268 4176 i.
282 4127 315 4185 lt,
330 4142 352 4176 r.
366 4141 409 4177 ru.
