2706 4718
659 507 706 522 ..
733 474 779 540 pp
807 510 853 522 ..

222 592 370 692 Videtur
390 615 531 710 quidem
563 621 666 710 poeta
701 616 838 690 haerere
860 618 928 689 utri
955 619 1133 691 doctrinm
1163 591 1300 696 iaceat.-

220 752 305 834 Quae
330 754 448 820 tamen
475 735 732 849 vox‘veacaptaev
753 750 888 846 aliquid
909 755 989 824 noui
1014 751 1134 825 hahet.
1163 759 1282 851 Neque

217 883 261 956 ab
280 886 486 977 Anaxagora
504 882 714 955 arcessitum
737 905 812 957 esse
826 891 957 981 potest,
982 910 1094 981 quum
1115 887 1163 960 ibi
1184 912 1278 962 meus

217 986 383 1113 appareat
405 1019 484 1110 qu'ae
507 1016 685 1088 mundum
702 1023 735 1088 et
749 1040 803 1090 res
821 1017 995 1090 humanas
1011 1020 1175 1115 aequitate
1189 1029 1276 1118 regat

215 1156 296 1239 (κατὰ
310 1156 386 1231 δίκην
400 1156 434 1217 τὰ
450 1157 522 1231 θνήτ’
537 1157 631 1241 ἄγεις).
653 1151 748 1224 Alias
770 1152 955 1249 Euripides
978 1177 987 1224 :

304 1341 325 1396 Ο
344 1340 467 1413 Jupiter,
488 1340 566 1413 quid¹
579 1340 693 1397 dicam?
712 1344 811 1397 utrum
830 1345 859 1397 te
876 1342 1009 1399 homines
1028 1345 1185 1416 respicere?

301 1428 345 1480 An
360 1422 429 1497 (cosi
440 1426 515 1480 hanc
530 1426 699 1498 opinionem
713 1428 818 1483 habere
832 1429 937 1484 frustra

301 1515 424 1584 Falsam,
442 1515 547 1587 quibus
561 1516 675 1572 videtur
687 1517 808 1572 deornm
823 1535 882 1572 esse
895 1535 995 1590 genus,

299 1614 457 1669 Fortunam
476 1631 543 1668 vero
558 1614 658 1680 omnia
670 1615 805 1670 mortalia
819 1617 1019 1687 gubernare'1?

210 1773 434 1871 Hisquoque
454 1776 490 1847 iu
516 1750 671 1887 aiensibus
695 1776 871 1849 incertum
895 1776 1004 1850 videri
1024 1783 1137 1874 potest
1157 1786 1269 1854 utrum

211 1906 396 2004 Euripides
411 1907 487 2003 ipse
498 1910 615 1980 Deum
636 1907 698 2002 qui
715 1913 842 1979 cuncta
853 1906 1026 2003 gubernet
1037 1931 1083 1982 an
1096 1903 1268 1985 mundum
1291 1989 1293 1991 .

208 2043 346 2116 consilii
373 2050 406 2116 et
433 2043 575 2115 rationis
600 2065 674 2115 esse
702 2050 880 2138 expertem
910 2044 1111 2118 crediderit.
1144 2047 1210 2121 Sed
1235 2048 1269 2127 id

208 2179 332 2252 saitem
357 2179 494 2276 insigne
521 2185 556 2253 et
575 2177 731 2251 notabile
756 2188 944 2274 utramque
971 2181 1198 2277 disciplinam
1225 2181 1266 2255 ab

208 2313 377 2408 Euripide
403 2312 524 2387 induci
552 2321 585 2387 et
608 2314 707 2409 quasi
734 2335 776 2385 ex
804 2312 982 2386 contrario
1009 2321 1113 2404 stare,
1149 2338 1269 2389 eornm

100 2489 102 2493 «
206 2444 336 2518 scilicet
360 2446 421 2541 qui
436 2501 437 2504 ,
453 2447 573 2521 omnia
600 2447 671 2520 fato
694 2446 866 2521 contineri
882 2446 1099 2543 pradicant,
1123 2452 1271 2530 Socratis

126 2588 133 2602 '
205 2585 339 2669 autem,
370 2580 429 2675 qui
460 2605 578 2654 rerum
598 2590 734 2655 naturae
753 2586 867 2676 partes
889 2580 937 2653 ita
964 2583 1170 2657 constitutas
1198 2609 1271 2660 esse

205 2714 306 2815 docet
328 2722 365 2786 ut
380 2714 560 2789 cohaerere
583 2715 810 2788 nullomodo
832 2714 980 2810 possint,
1003 2715 1070 2787 nisi
1099 2720 1170 2791 Deo
1188 2741 1270 2791 mo-

205 2847 348 2920 derante
364 2849 424 2945 qui
444 2850 604 2922 omnium
626 2871 755 2940 rerum,
768 2849 1051 2944 procurationem
1066 2849 1206 2925 habeat.

252 2980 351 3052 Alius
371 2991 492 3055 autem
512 2972 666 3055 occurrit
689 2982 788 3056 iocus
808 2999 915 3077 quem
937 2983 1132 3078 plurimum
1153 2986 1267 3061 valere

203 3117 281 3213 quis
300 3116 537 3191 initiabitur?
563 3122 699 3216 Nempe
725 3122 761 3192 in
782 3118 962 3192 catabula
989 3144 1069 3215 quae
1086 3123 1269 3218 Supplices

200 3252 369 3349 inscripta
387 3261 451 3340 est,
474 3253 641 3343 Theseus,
666 3253 918 3350 philosophum
937 3275 980 3325 ex
999 3252 1188 3350 improviso
1206 3255 1267 3327 in-

200 3385 326 3474 duens,
364 3387 506 3489 longam
537 3388 728 3484 quamdam
757 3387 1107 3491 commentationem,
1131 3389 1260 3462 fabulae

198 3519 477 3616 haudquaquam
493 3523 742 3610 necessariam,
759 3522 832 3593 imo
850 3519 946 3592 vaide
962 3519 1257 3617 intempestivam,
1296 3539 1299 3544 ’

199 3653 337 3742 evolvit,
353 3677 424 3750 qua
436 3656 591 3730 divinam
608 3653 867 3729 Providentiam
887 3674 962 3725 esse
977 3654 1183 3748 comprobat
1197 3657 1264 3729 hu-

198 3807 304 3859 mano
321 3789 442 3882 generi
463 3789 729 3888 diiigentissime
748 3786 1004 3875 consulentem,
1027 3792 1061 3858 et
1080 3787 1117 3858 in
1133 3809 1173 3860 eo
1186 3789 1261 3886 ipso

229 4093 249 4138 i.
267 4091 323 4140 Her.
339 4095 453 4146 uss-492.
