2706 4718
642 427 811 500 46...

198 583 316 657 statim
354 587 518 678 agnoscet
555 582 592 653 in
625 580 836 685 sententiose
867 580 986 674 dictis¹
1008 581 1053 655 ab
1089 583 1257 679 Euripide

196 719 388 816 quamdam
409 722 563 789 mentem
579 698 993 812 aliquandoimpressam
1013 739 1099 808 esse,
1122 680 1255 816 vulgari

196 851 364 947 opinione
377 850 552 939 altIorem,
575 857 608 922 et
627 872 706 923 vere
725 850 985 947 philosopham.

246 986 346 1057 Unde
365 983 533 1057 ssuxerint
556 989 608 1056 tot
634 984 837 1073 sententie,
860 1007 933 1057 non
953 1007 1136 1080 nunquam
1163 985 1256 1058 inter

196 1143 232 1193 se
261 1120 481 1209 dissidentes,
512 1125 545 1194 et
575 1141 739 1215 quaenam
771 1118 1066 1216 philosophorum
1102 1121 1255 1195 officinae

194 1255 258 1327 has
275 1259 379 1349 atque
399 1252 477 1325 illas
503 1250 570 1324 sibi
587 1254 669 1348 jure
687 1251 876 1339 vindicent,
907 1252 1006 1324 haud
1034 1252 1137 1325 sarilo
1156 1254 1251 1327 dictu

195 1395 259 1477 est,
282 1387 330 1460 ita
349 1394 389 1459 ut
405 1408 526 1483 sapere
540 1385 630 1458 mihi
651 1382 808 1458 videatur
829 1385 905 1481 qui,
926 1365 1091 1459 omnibus
1113 1386 1254 1460 indiciis

194 1526 248 1598 vel
264 1523 528 1621 diligentissime
545 1523 730 1619 indagatis,
753 1524 1022 1596 controversiam
1039 1547 1182 1599 onrnem
1199 1549 1256 1597 su-

195 1660 331 1734 blatum
350 1659 394 1732 iri
413 1682 486 1733 non
505 1659 585 1732 ideo
605 1659 771 1732 confidat.

245 1797 432 1870 Neminem
453 1819 536 1870 sano
557 1796 645 1891 sugit
672 1795 878 1892 Euripidem
902 1796 938 1869 in
962 1797 1115 1870 naturali
1134 1798 1257 1894 philo-

196 1931 322 2029 sophia
333 1936 549 2026 praeceptore
561 1952 664 2001 usum
678 1928 785 2001 tuisse
798 1931 1004 2025 Anaxagora
1016 1931 1077 2027 qui
1087 1931 1257 2008 noadiae-

196 2063 313 2152 batur,
331 2069 365 2135 et
390 2091 404 2130 u
416 2063 566 2164 primus,
585 2067 623 2133 ut
643 2061 690 2135 ait
704 2060 853 2152 Tullius,
868 2064 1027 2138 omnium
1044 2088 1163 2139 rerum
1180 2067 1257 2140 des-

197 2197 407 2292 criptionem
437 2201 472 2268 et
495 2194 642 2268 modum
669 2195 797 2268 mentis
822 2196 970 2270 infinite
997 2199 1029 2274 ri
1056 2223 1097 2273 ac
1123 2201 1257 2275 ratione

195 2327 369 2423 designari
391 2335 424 2401 et
447 2328 574 2402 confici
600 2328 711 2428 voluit
733 2327 758 2402 ¹.
783 2358 798 2396 u
831 2329 946 2405 Abeo
969 2333 1174 2429 Euripidem
1200 2335 1281 2443 ἰη-1

195 2464 355 2536 stitutum
376 2462 482 2536 fuisse
498 2470 536 2536 ut
555 2464 727 2537 excelsius
746 2465 790 2538 de
805 2466 1057 2557 Deo'sentiret,
1075 2492 1139 2563 pro
1158 2476 1254 2543 certo

194 2598 400 2672 habendum
420 2605 483 2670 est.
513 2597 604 2683 Quid
633 2597 858 2693 quodetiam
888 2598 970 2671 satis
988 2575 1130 2696 apparet
1155 2625 1256 2676 oum-

194 2734 274 2807 aem
301 2732 515 2829 quibusdam
535 2733 626 2822 aurs,
648 2739 724 2804 rum
745 2732 781 2803 in
801 2734 935 2807 oraora
956 2734 1116 2831 urgues,
1139 2738 1256 2834 purro-

194 2868 328 2964 sopuae
348 2867 543 2964 arscrpunrs
567 2838 885 2941 rossemanum.
913 2870 1000 2942 unu
1021 2893 1100 2944 vero
1119 2872 1256 2969 auqma

182 3001 332 3096 'gravius
351 3001 518 3091 occurrit,
540 3001 764 3097 digniusque,
783 3002 811 3073 si
835 3010 955 3099 aperte
974 3001 1136 3095 dixerim,
1160 3008 1255 3102 quod

193 3136 294 3210 solito
316 3136 517 3231 diligentins
544 3136 788 3233 perspiciatur,
811 3160 938 3235 nempe
959 3138 1067 3231 fuisse
1093 3141 1253 3238 Euripidi

194 3292 277 3341 cum
291 3271 432 3343 Socrate
447 3270 755 3361 necessitudinem,
774 3272 817 3344 de
831 3295 901 3367 qua
912 3273 1104 3369 saepissime
1123 3278 1254 3352 mentio

195 3406 361 3480 tactaest.
380 3385 609 3478 Notissimum
624 3403 713 3476 illud
725 3405 876 3478 AE'liani:
903 3435 917 3473 α
933 3409 1091 3480 Socrates
1105 3409 1141 3480 in
1155 3433 1255 3506 spec-

193 3542 318 3615 taculis
338 3564 464 3637 parum
485 3541 672 3636 frequens;
705 3540 765 3636 qui
786 3547 916 3630 tamen,
940 3541 967 3614 si
988 3544 1129 3638 quando
1153 3548 1257 3620 Enri-

193 3677 304 3773 pides‚
323 3675 382 3748 ille
402 3674 653 3769 tragediarum
668 3675 830 3770 scriptor,
859 3697 941 3746 cnm
962 3676 1060 3749 novis
1077 3679 1255 3773 tragoediis

194 3809 363 3900 certabat,
386 3817 462 3882 tum
491 3808 662 3884 veniebat.
689 3811 729 3880 Et
749 3808 785 3879 in
813 3807 936 3898 Piraeo,
966 3817 1122 3886 certante
1148 3814 1256 3886 Euri-

225 4107 246 4152 1.
263 4104 298 4151 De
312 4105 371 4153 Nat.
391 4105 463 4153 [teor.
478 4105 494 4154 l.
511 4107 530 4164 l,
544 4123 565 4154 r.
581 4121 623 4154 xu.
