2706 4718
588 504 634 516 ..
663 467 707 536 25
735 506 781 518 .-

150 615 238 689 libet
264 613 432 710 opiuioue
463 633 589 708 prava,
625 613 677 687 rel
706 637 725 687 e
756 584 925 712 religione
952 617 1076 710 ducta,
1106 626 1216 693 tutam

149 748 325 848 praestitit.
391 836 395 844 Ι

199 885 427 979 Apparentne
442 880 538 976 apud
556 880 760 978 Euripidem
776 883 922 980 quidam
938 883 1006 958 loci
1027 885 1064 958 in
1084 887 1214 983 quibus
1328 890 1335 905 '

149 1016 247 1091 notio
269 1016 350 1090 recti
373 1012 588 1088 iladilucide
608 1015 821 1112 proferatur,
843 1023 937 1091 utex
957 1019 1133 1093 Socratica
1147 1021 1214 1094 hac

149 1149 348 1247 disciplina,
371 1171 443 1222 nou
463 1170 483 1221 e
503 1169 609 1220 sensu
629 1151 818 1223 communi
847 1173 1009 1226 manasse
1029 1154 1209 1244 rideatur3

149 1289 245 1387 quod
266 1287 365 1361 uubis
385 1286 450 1359 erit
470 1286 757 1383 conjectandum,
788 1287 904 1384 primo
923 1287 953 1359 si
973 1287 1061 1384 quid
1081 1288 1118 1360 in
1138 1289 1215 1385 ejus

151 1421 331 1496 sententiis
357 1420 550 1494 occurrerit
575 1422 670 1516 quod
697 1420 797 1495 valde
831 1416 1000 1519 repugnet
1029 1445 1111 1495 cum
1141 1430 1215 1497 arte

146 1556 350 1654 sophistica,
386 1554 514 1628 deiude
545 1554 573 1627 si
608 1578 660 1628 res
688 1555 763 1652 ipsa
796 1555 909 1630 verbis
941 1580 960 1631 e
991 1557 1215 1655 philosophia

148 1691 284 1763 haustis
305 1687 562 1786 comprehensa
581 1688 656 1761 sit‘t

194 1823 297 1908 Quod
339 1819 386 1894 ad
421 1818 594 1916 sophistas
630 1820 806 1917 pertinet,
842 1844 1215 1917 quacunqueomne

145 1979 267 2031 eorum
286 1978 398 2053 genus
416 1955 531 2042 docet,
555 1977 778 2051 quaecunque
797 1955 1022 2051 profitentur,
1053 1957 1213 2031 siminus
1282 1949 1308 2024 ζ

144 2091 286 2187 Gorgias
319 2092 466 2187 ejusque
492 2089 633 2163 auditor
659 2088 776 2179 Polus,
806 2096 841 2162 at
867 2096 976 2187 certe,
992 2090 1153 2168 Callicles
1180 2101 1214 2168 et

142 2226 439 2322 Thrasymachus,
463 2247 591 2321 nempe
606 2224 781 2321 justitiam
801 2224 990 2298 hominum
1019 2248 1109 2317 esse,
1141 2251 1214 2302 non
1294 2322 1296 2327 Ι

145 2367 293 2450 naturae,
315 2359 409 2454 leges
429 2355 474 2431 ab
496 2357 700 2432 humillimo
723 2365 756 2432 et
781 2357 1048 2434 imbecillicimo
1073 2385 1215 2459 quoque

145 2493 316 2579 conditas,
335 2490 465 2589 quihus
481 2491 554 2564 vim
570 2492 766 2588 potentium
787 2515 808 2565 a
825 2515 861 2566 so
882 2491 1115 2590 propulsaret,
1134 2494 1210 2591 pul·

144 2627 269 2700 chrum
301 2627 454 2722 denique
475 2649 550 2699 esse
570 2626 598 2698 si
619 2627 711 2722 quis,
740 2648 868 2723 magua
887 2627 1052 2700 mercede
1075 2648 1211 2724 propo-

145 2760 221 2850 sita,
249 2760 452 2856 aequitatem
472 2760 672 2848 violaveril;
693 2761 873 2854 eaomnia⁴
882 2784 1002 2836 nonne
1026 2764 1217 2860 Euripides·

144 2895 243 2990 quasi
273 2897 446 2970 contraxit
472 2896 528 2968 his
560 2898 710 2971 Eteoclis
741 2897 899 2988 vocibus,
929 2922 1016 2995 quas
1037 2902 1210 2975 Caesarem

143 3016 332 3125 q'uoqueiu
352 3051 412 3102 ore
429 3028 554 3103 crebro
566 3028 734 3105 habuisse
752 3054 773 3104 a
791 3032 962 3106 Cicerone
979 3032 1181 3129 accepimus
1199 3055 1207 3104 :

210 3200 238 3255 Si
251 3199 328 3255 euim
341 3200 389 3271 jus
403 3200 511 3254 uiolare
527 3203 652 3272 oportet,
668 3202 752 3273 regni
771 3218 856 3256 causa
1214 3255 1217 3261 ,

209 3290 438 3345 Pulcherrimum
453 3293 496 3345 est
513 3290 639 3346 violare:
658 3292 688 3347 in
704 3292 805 3347 celeris
815 3309 882 3347 uero
892 3292 983 3364 pietas
994 3292 1166 3347 colendaest
1180 3293 1199 3347 ¹.

186 3431 251 3504 Cui
271 3440 389 3506 autem
410 3434 592 3507 sententia
613 3458 633 3508 a
653 3436 762 3510 choro
782 3437 833 3510 sic
854 3436 1065 3509 reclamatur
1088 3461 1096 3509 :

208 3600 271 3655 Nun
285 3600 403 3671 pulchre
418 3601 511 3657 dicere
527 3608 642 3676 oportet
657 3606 685 3659 iu
701 3606 786 3660 robus
800 3604 970 3671 inhonestis,

207 3691 269 3744 Nun
287 3691 366 3745 euim
384 3690 538 3748 honestum
557 3694 598 3762 id,
616 3695 665 3750 scd
677 3694 796 3767 justitim
816 3695 970 3750 molestum
984 3703 1004 3749 ².

189 3830 224 3903 Si
242 3830 278 3903 id
298 3854 423 3928 paruru
443 3841 508 3923 est,
532 3835 622 3908 uihil
652 3837 768 3911 forsan
787 3837 899 3912 altero
915 3838 985 3911 hoc
1001 3837 1078 3911 locu
1098 3837 1205 3933 signi-

172 4067 192 4112 ί.
208 4064 296 4114 l’lroerr.
313 4081 337 4114 r.
355 4069 397 4115 52l
412 4071 438 4116 ct
453 4071 506 4118 325.
526 4070 563 4118 cf.
580 4071 632 4120 Cir.
648 4072 680 4119 de
698 4071 748 4134 Off.
763 4072 806 4129 lll,
820 4075 858 4125 2t.
875 4076 901 4121 ot
919 4086 978 4135 qum
991 4075 1080 4120 notata
1098 4075 1161 4121 suut
1178 4072 1205 4121 in

141 4143 230 4208 Eurip.
247 4145 309 4196 edit.
327 4147 425 4209 Glasu,
440 4162 465 4199 r.
479 4152 532 4200 534.
549 4178 577 4186 —
595 4155 617 4201 2.
639 4152 726 4199 rann.
743 4154 787 4201 :sau
800 4157 826 4200 rt
841 4155 894 4202 527.
