2706 4718
572 441 624 458 ¹-
655 411 697 477 18
726 447 770 458 -

143 563 214 634 Neo
234 555 447 654 respondeas
464 556 687 652 oportetliaec
707 554 810 628 verba
823 554 867 627 ad
880 555 1050 645 rhetores,
1069 578 1141 628 non
1156 555 1199 628 ad

144 691 318 788 sophistas
344 690 532 787 pertinere.
568 689 712 762 «Nulla
737 697 802 779 ost,
827 689 875 762 ait
900 688 1009 777 Plato,
1036 687 1201 783 sophista

91 910 98 934 ι
144 834 177 898 at
203 826 360 902 rhetoris„
373 824 550 899 distinctio
572 828 628 898 ¹.»
653 824 865 920 Philosopho
881 807 1068 896 assentitur
1082 829 1115 894 ot
1136 824 1204 895 He-

144 957 247 1050 cuba,
266 959 352 1032 dum
367 982 449 1033 eum
465 957 566 1056 jubet
582 958 756 1055 imprimis
776 957 916 1031 dicendi
933 961 1045 1030 artem
1060 954 1200 1045 callere,

80 1132 81 1136 ¹
143 1093 202 1188 qui
226 1090 324 1166 'idem
343 1091 481 1188 assequi
506 1091 589 1165 velit
616 1063 711 1188 quod
735 1089 902 1187 sophista,
933 1087 1065 1162 scilicet
1090 1111 1202 1184 popu-

142 1226 253 1299 larem
278 1250 402 1300 auram
429 1235 581 1324 captare,
607 1232 640 1298 et
660 1225 833 1299 dominari
862 1224 898 1296 in
918 1223 1139 1312 concionem,
1167 1229 1202 1295 ot

141 1359 178 1431 in
199 1359 337 1434 civitate
355 1360 512 1458 primum
532 1360 652 1434 locum
672 1381 874 1457 occupare:
1080 1353 1082 1356 ’

213 1549 286 1614 Quid
302 1548 421 1603 tandem
434 1547 570 1603 mortales
584 1529 691 1602 ceteras
708 1546 824 1619 quidem
839 1549 913 1601 artes

212 1639 412 1707 Elaboramus,
426 1642 459 1693 ut
474 1640 597 1710 oportet,
614 1653 723 1704 omnes,
740 1639 768 1691 et
782 1635 971 1709 inquirimus,

199 1759 201 1762 ·
215 1728 365 1784 Suadelam
380 1745 457 1796 vero,
476 1728 607 1800 reginam
621 1727 696 1782 inter
709 1725 841 1780 homides
855 1725 956 1793 solam,
1040 1712 1043 1716 ¹

213 1818 403 1888 Nequaquam
416 1833 476 1888 prae
491 1816 591 1870 ceteris
611 1814 748 1870 adfinem
766 1813 931 1882 excolimus,

214 1904 358 1960 Mercedes
372 1904 472 1961 dantes
487 1903 625 1972 discendi,
640 1906 674 1958 ut
689 1903 772 1958 licoat
789 1902 942 1974 aliquando

215 1990 389 2046 Persuadere
408 2005 471 2062 quaa
487 1991 551 2061 quis
564 1989 643 2059 velit,
661 1993 690 2058 et
704 1989 841 2062 consequi
856 1990 941 2045 simul
953 1989 988 2045 2?

145 2163 272 2234 Nonne
290 2156 417 2230 videris
440 2155 564 2230 audire
590 2155 754 2252 Gorgiam
774 2155 918 2251 quidem
941 2156 1056 2251 ipsu-m
1078 2155 1204 2228 dicen·

145 2304 216 2369 tom
241 2291 295 2366 vel
326 2293 576 2385 Protagoram?
607 2288 700 2375 Quid
728 2296 847 2363 autem
872 2288 1022 2375 ,sibimet
1061 2288 1205 2362 Hecuba

144 2423 250 2520 paulo
264 2422 401 2520 longius
416 2424 622 2519 respondeat
639 2424 834 2497 notandum
853 2447 862 2496 ε
885 2408 888 2421 '

208 2613 408 2684 Agamemno,
424 2607 591 2664 hominibus
605 2625 663 2664 non
678 2606 864 2665 conveniebat
877 2623 1005 2682 unquam

221 2702 313 2766 Quam
327 2700 404 2771 ipsas
420 2715 464 2752 res
479 2698 609 2769 linguam
622 2714 706 2770 posse
720 2698 795 2770 plns.

219 2788 272 2859 Sed
288 2788 344 2842 sive
357 2789 434 2842 hona
448 2787 515 2858 egit,
531 2788 608 2842 hona
622 2787 772 2859 oportebat
786 2787 893 2861 dicere;

126 2926 128 2930 .
219 2877 282 2933 Sive
295 2877 419 2934 vicissim
433 2876 520 2946 mala,
542 2894 687 2933 sermones
702 2894 762 2933 asse
777 2877 907 2950 putidos;

221 2968 319 3039 Neque
333 2983 419 3038 posse
434 2965 522 3039 (cum)
536 2965 644 3039 injusta
654 2967 726 3023 benc
741 2968 834 3024 dicere
852 2984 982 3040 uuquam
996 2970 1017 3026 ³.
1036 3038 1038 3043 Ι
1062 3038 1066 3050 ,

149 3112 226 3196 Quo
251 3109 329 3184 loco
353 3108 453 3206 quasi
481 3095 620 3183 summa
643 3110 843 3184 continetur
862 3110 1047 3183 Socraticae
1072 3111 1116 3185 de
1134 3107 1208 3186 elo-

149 3243 294 3341 quentia
312 3244 480 3318 doctrinae
498 3269 506 3318 ε
525 3245 625 3319 docet
645 3243 740 3318 euim
760 3247 919 3319 Socrates
937 3245 1008 3319 duo
1027 3268 1101 3321 esse
1127 3249 1208 3323 rhe-

148 3377 272 3450 toricae
285 3378 368 3451 artis
385 3399 526 3475 genera,
543 3391 700 3475 quorum.
715 3377 879 3469 alterum,
903 3401 1014 3474 quum
1035 3380 1081 3453 ad
1098 3381 1209 3455 solam

149 3511 364 3608 voluptatem
384 3519 528 3610 spectet,
556 3536 630 3588 non
648 3512 746 3586 aliud
772 3512 815 3586 sit
843 3512 911 3586 nisi
938 3537 1036 3588 mera
1052 3515 1207 3589 adulatio

150 3653 184 3720 et
210 3647 384 3723 illiberale
406 3649 598 3723 artificium
611 3675 629 3750 ;¹
643 3647 793 3738 alterum
814 3653 946 3737 autem,
975 3645 1071 3742 quod
1089 3646 1134 3719 ad
1148 3646 1214 3746 ho-

150 3788 291 3854 nestum
305 3783 493 3879 pertineat,
514 3807 569 3858 ars
585 3783 712 3859 eximia
728 3783 891 3880 quaedam
911 3789 946 3857 et
959 3804 1038 3857 rere
1056 3779 1212 3856 liberalis

623 3967 633 3986 X

181 3993 204 4042 l.
221 4009 233 4036 s
248 3993 343 4044 Ταυτὸν
356 3994 410 4044 ἐστι
424 3993 542 4059 σοφιστὴς
555 3994 597 4043 aar
611 3994 701 4060 ῥήτωρ.
718 4010 730 4036 a
747 3990 824 4058 Gorp.
840 3993 873 4044 ad
887 3991 976 4045 finem.
1076 4040 1084 4054 ,

135 4085 140 4094 “
180 4076 205 4124 2.
219 4073 277 4122 Hac.
292 4085 319 4123 v.
335 4075 448 4125 til-820.
460 4101 489 4111 -
506 4077 529 4125 3.
544 4074 602 4124 Hac.
615 4087 640 4122 ν.
657 4073 800 4125 risi-1192.
