2706 4718
547 423 550 429 ’
630 460 677 472 -
705 425 750 495 26
777 461 823 475 -

199 565 359 653 ficentius
389 558 676 665 videbitur‚'qui
706 593 788 643 cum
822 569 974 643 Socratis
1005 570 1191 678 opinione,
1226 573 1261 649 in

202 703 334 800 Gorpio
352 703 498 798 quidem
513 727 687 801 expresso,
711 706 890 804 aptissime
909 708 1072 781 convenit
1095 733 1103 780 ε

304 893 404 952 Melius
417 896 460 950 est
478 895 627 950 victoriam
647 913 706 951 nou
726 896 862 968 consequi
879 896 1016 951 infamem

287 1041 288 1044 ,
307 985 399 1050 Quam
413 1001 479 1040 cum
492 985 600 1041 invidio
615 991 643 1042 et
656 987 684 1041 vi
696 987 841 1060 justitiam
856 988 1031 1042 subvertere.

305 1076 392 1129 Dulce
408 1074 524 1147 quidem
543 1077 573 1130 in
587 1077 740 1148 praesentia
754 1077 826 1132 illud
841 1075 1022 1145 mortalibus,

256 1162 259 1168 ’
307 1164 362 1220 Sed
374 1180 440 1218 cum
454 1167 584 1236 tempore
599 1167 758 1234 marcescit,

307 1254 341 1310 Et
355 1254 442 1309 etiam
458 1254 613 1329 opprobrio
629 1255 662 1310 fit
675 1256 792 1311 familie
808 1257 829 1310 ¹.

251 1417 411 1493 Forsitan
437 1404 569 1513 aliquis
596 1417 689 1490 dicet
716 1441 757 1492 ee
784 1441 826 1492 ex
854 1425 990 1491 nature
1020 1417 1266 1515 potiusquam

198 1549 435 1649 philosophiae
456 1550 613 1625 tontibus
632 1553 757 1644 fluere,
778 1560 812 1627 et
832 1553 961 1638 multas
986 1552 1165 1649 ejusmodi
1187 1575 1267 1627 sen-
1343 1538 1344 1546 ἵ

98 1690 101 1697 ’
197 1685 323 1759 tentius
352 1686 447 1781 apud
473 1685 679 1781 AEschplum
700 1693 734 1760 et
761 1677 974 1785 Sophoclem
1006 1709 1108 1782 posse
1135 1686 1266 1783 depre-.

199 1817 322 1891 hendi.
347 1821 391 1890 Ut
411 1823 449 1890 ut
469 1819 525 1903 sit,
556 1841 688 1892 novum
717 1843 863 1915 prorsus
883 1826 917 1893 et
935 1819 1152 1907 inauditum,
1176 1818 1278 1892 dues·

199 1951 332 2025 scilicet
353 1952 531 2026 doctrines
559 1954 597 2024 in
621 1955 825 2027 Graecorum
850 1977 955 2028 scena
981 1953 1031 2027 sic
1056 1976 1266 2029 concurrere

106 2060 107 2063 Ἴ
198 2091 232 2159 et
264 2083 358 2156 inter
382 2105 418 2156 se
439 2081 647 2173 conflictari,
684 2090 722 2155 ut
755 2107 825 2156 una
849 2065 995 2158 ultorem
1019 2093 1181 2182 expresse
1211 2108 1265 2160 re-

187 2218 360 2312 darguat.
383 2217 534 2290 Proinde
559 2217 586 2290 si
609 2217 687 2315 quis
708 2216 753 2291 a'd
777 2219 853 2315 ipsa
879 2218 984 2293 verbe
1022 2219 1265 2316 sermonisque

202 2354 354 2429 formam
376 2352 578 2448 respexerit,
603 2375 692 2426 >sone
707 2351 882 2450 judicabit
909 2353 1114 2451 Euripidem
1142 2353 1264 2452 proxi-
1316 2398 1318 2403 ·

120 2494 126 2515 ‘
201 2512 301 2562 mum
323 2487 553 2586 Xenophonti.
570 2496 604 2562 et
626 2488 762 2562 Platoni
791 2489 911 2564 fuisse.
944 2560 946 2566 Α

252 2630 287 2698 2.
307 2667 353 2679 -
373 2627 423 2699 De
442 2649 482 2699 ee
499 2647 577 2699 vero
593 2625 740 2723 justitiae
761 2639 843 2699 cum
866 2624 1032 2699 felicitate
1052 2623 1264 2698 convenien-

140 2818 148 2830 .
196 2751 263 2838 tio,
287 2772 394 2847 quem
414 2750 606 2856 saepissime
637 2752 818 2825 aSocrete
844 2749 1109 2847 comprobatam
1140 2751 1265 2823 Xeno-

170 2932 173 2935 *
203 2884 300 2981 phon
329 2884 444 2974 docet,
479 2883 613 2957 nemini
643 2883 794 2957 dubium
824 2890 875 2957 est
905 2883 990 2979 quin
1016 2906 1058 2956 ex
1088 2881 1264 2977 Euripidis

203 3016 380 3114 tregoediis
408 3018 546 3115 excerpi
569 3017 703 3115 possint
730 3041 810 3114 quae
847 3017 916 3090 sint
942 3015 1127 3120 Socraticae
1155 3008 1265 3090 disci-

203 3151 310 3248 plinee
330 3156 575 3224 consentanee.
602 3151 805 3224 nitfieilius
842 3173 923 3224 vero
942 3150 1011 3222 hoc
1030 3150 1066 3222 in
1093 3149 1172 3224 loco
1206 3150 1267 3223 de-

205 3306 351 3358 cernere
367 3293 486 3358 utrum
507 3285 719 3383 philosopho
738 3309 783 3359 on
806 3284 870 3358 sibi
893 3285 973 3381 plus
992 3281 1180 3379 ‘Euripides
1198 3285 1265 3357 de-

203 3416 348 3490 buerit:
371 3441 456 3491 nem
477 3419 514 3491 in
538 3442 579 3493 co
605 3418 831 3516 philosophie
850 3442 931 3492 cum
959 3440 1062 3491 sensu
1082 3417 1264 3523 communi

204 3554 336 3627 mirum
352 3554 389 3625 in
409 3524 557 3629 modum
576 3557 755 3645 convenit;
774 3557 867 3629 unde
883 3554 921 3626 fit
937 3561 975 3626 ut
989 3551 1094 3627 verba
1107 3575 1261 3648 quoque,

204 3690 242 3762 in
268 3689 442 3786 ejusmodi
472 3690 652 3764 sententiis
679 3688 939 3786 exprimendis,
974 3711 1047 3761 non
1075 3710 1093 3761 e
1122 3687 1264 3782 proprio

204 3822 513 3920 philosophorum,
545 3824 643 3897 sede
664 3822 795 3921 vulgari
826 3819 987 3894 omniurn
1011 3841 1180 3954 sermone
1200 3844 1264 3893 su-

233 4103 254 4152 1.
270 4097 394 4150 Androm,
411 4115 434 4148 v.
452 4102 561 4151 trs-ist.
