2706 4718
585 481 630 493 ..
660 445 708 511 75.
732 480 778 491 ..

148 589 1213 685 poetamortalilrusprosit,OrpheumqueetMusreumotilo-

147 744 288 794 merum
309 721 477 811 imitetur,
500 722 558 818 qui
574 722 619 794 ad
634 720 770 793 nobiles
789 743 912 794 seusus
929 720 1120 815 aequalium
1136 719 1212 820 aui-

148 877 224 927 mos
249 857 437 945 erexerint,
465 855 716 930 tradiderintre
735 856 884 952 posteris
914 878 1054 928 morum
1074 855 1211 952 egregia

147 997 321 1085 praecepta
342 1015 351 1062 ε
373 989 457 1062 inde
469 1012 693 1085 quacunque
708 989 826 1085 turpia
840 989 909 1060 siut
923 987 968 1061 ab
985 988 1097 1061 oculis
1113 1011 1209 1062 amo·

146 1124 256 1196 venda
274 1146 348 1196 esse
367 1120 391 1212 ¹,
410 1123 687 1218 necquidquam
705 1123 771 1257 nisi
784 1123 977 1220 pulchrum
992 1145 1067 1197 esse
1081 1147 1210 1222 propo-

148 1258 327 1346 nendum;
360 1289 375 1324 r
389 1281 472 1331 uam
487 1259 536 1330 uti
556 1258 725 1356 puerulos
745 1282 765 1331 a
784 1259 950 1355 magistro
974 1258 1105 1348 doceri,
1130 1260 1212 1334 itaa

149 1401 250 1488 poeta
270 1392 408 1465 adultos
425 1386 451 1463 ¹.
473 1421 488 1457 u
517 1392 608 1476 Quid
629 1393 864 1480 indatidem,
894 1393 989 1488 quod
1015 1396 1207 1484 Socratem,

148 1525 344 1622 peccavisse
366 1524 583 1623 Euripidem,
608 1527 740 1623 quippe
768 1527 827 1621 qui
854 1528 1107 1623 corruptricem
1128 1550 1210 1601 mo-

149 1685 226 1733 rum
243 1660 464 1757 disciplinam
480 1661 517 1732 in
531 1682 673 1733 scenam
687 1661 859 1749 intulerit,
878 1685 958 1756 qnae
971 1661 1107 1733 animos
1121 1685 1207 1756 prae-

148 1802 332 1894 ceptorum
344 1795 520 1869 malorum
537 1818 670 1869 veneno
690 1795 822 1869 inficiat
838 1822 845 1868 :
864 1795 1003 1868 discunt
1019 1797 1114 1868 euim
1128 1767 1207 1883 liri,

148 1929 175 2000 si
193 1930 463 2026 Aristophanem
480 1929 594 2017 audis,
618 1935 805 2024 egestatem
824 1950 889 2024 pro
903 1926 1208 2020 maximacalami·

148 2066 230 2148 tate,
253 2061 386 2133 divitias
405 2085 468 2157 pro
486 2085 627 2135 summa
647 2061 812 2134 felicitate
827 2060 970 2148 habero,
993 2067 1040 2148 et,
1059 2061 1209 2133 Admeto

149 2201 304 2281 auctore,
329 2195 433 2267 morti
459 2195 605 2269 viriliter
624 2197 788 2292 oppetitae
814 2195 917 2267 vitam
937 2191 1205 2288 ignominiosam

146 2326 312 2421 praelerre
333 2323 357 2398 ³.
382 2327 478 2400 Nihil
496 2318 564 2400 'uisi
580 2328 697 2401 vident
716 2329 840 2400 heroas
860 2327 1026 2423 perfidos
1049 2350 1123 2398 suae
1140 2327 1208 2398 uti-

146 2461 233 2534 litati
268 2463 510 2552 inservientes,
543 2464 603 2558 qui
633 2445 822 2536 libidinum
847 2461 977 2560 quibus
1001 2460 1209 2556 indulgeant

148 2596 218 2666 vim
236 2594 512 2692 insuperabilem
532 2569 712 2670 excusent.
736 2601 779 2670 Ut
796 2596 1037 2693 Phidippides,
1056 2574 1207 2666 Socratis

146 2729 292 2802 domum
306 2753 477 2827 egressus,
496 2754 627 2806 uorum
642 2741 787 2829 usurpat
797 2755 907 2828 genus
919 2731 1119 2827 argumenti
1137 2753 1208 2826 quo

141 2865 222 2959 jure
237 2863 443 2960 parentibus
469 2865 535 2937 rim
555 2866 681 2938 inierat
706 2862 731 2954 ⁴,
754 2867 800 2937 ila
820 2866 1071 2953 Theramenes,
1101 2864 1207 2936 Euri-

144 2997 235 3093 pidis
258 2974 420 3087 sectator,
451 2999 559 3087 norit,
582 2998 608 3070 si
630 2999 716 3093 quid
736 2996 915 3085 acciderit,
948 2997 1149 3070 mentiendo
1171 3019 1208 3069 se

149 3127 230 3217 Ceo,
260 3151 331 3201 nou
362 3129 451 3202 Chio
483 3132 690 3221 oriundum,
714 3133 757 3204 de
777 3131 871 3204 vadis
892 3128 1112 3226 emergere⁵.
1136 3133 1208 3202 Nec

144 3263 274 3335 mirum
292 3263 387 3358 quod
403 3271 441 3335 ut
454 3265 634 3338 Socratem
654 3267 741 3354 adit,
760 3266 787 3336 si
807 3265 886 3360 quis
906 3266 1002 3361 quod
1018 3262 1118 3336 debet
1136 3264 1206 3337 sol-

145 3419 220 3467 vere
241 3402 358 3490 negat,
385 3394 432 3468 ita
453 3398 611 3495 Euripidi
636 3394 803 3482 latrones,
831 3399 927 3473 tures
949 3404 983 3470 ct
1005 3395 1205 3494 parricidae,

143 3551 223 3624 quae
242 3527 346 3602 turba
369 3531 521 3604 maxima
541 3534 646 3605 estin
669 3531 804 3619 interis,
827 3533 1107 3628 patrocinantur.

192 3665 369 3735 Socratem
388 3663 492 3734 etiam
515 3664 764 3760 Aristophanes
787 3685 886 3735 reum
911 3660 1099 3760 impietatis
1115 3682 1202 3733 exa-

142 3797 225 3890 gitat
249 3821 257 3867 :
280 3816 362 3866 nam
381 3819 506 3892 quum,
531 3796 698 3870 utverbis
721 3805 798 3867 utar
819 3795 985 3884 Platonis,
1015 3793 1081 3863 uin
1103 3793 1205 3866 Aris-

173 4009 194 4055 l.
208 4005 245 4054 ld.
264 4018 289 4052 v.
308 4007 376 4054 1053.
395 4033 423 4043 -
440 4011 463 4057 2.
479 4007 517 4056 td.
535 4022 558 4056 v.
579 4011 635 4057 toll
648 4011 674 4056 cl
690 4009 758 4056 10:55.
777 4033 805 4041 -
823 4011 846 4056 3.
870 4004 1045 4070 Tlresnmplror.
1063 4018 1087 4052 v.
1102 4005 1156 4053 194.
1173 4032 1201 4042 -

142 4089 163 4134 i.
180 4085 245 4134 ,l'ula
264 4098 288 4131 v.
307 4087 365 4134 1³7ss
383 4091 408 4134 nl
420 4101 478 4150 sqq.
494 4115 523 4124 -
542 4092 555 4135 a
573 4090 634 4137 llum.
649 4104 680 4153 r.
694 4090 750 4136 oto.
