2706 4718
163 1939 189 2009 Ι.
215 1939 309 2009 lnter
325 1960 384 2011 eos
405 1937 466 2033 qui
486 1937 702 2034 scripserunt
722 1937 765 2010 de
790 1935 972 2033 Euripide,
995 1959 1100 2010 nemo
1120 1941 1173 2009 est

113 2071 173 2166 qui
195 2094 267 2144 non
292 2071 506 2167 singularem
526 2070 715 2167 quemdam
740 2071 999 2144 sententiarum
1019 2092 1174 2166 proven-

112 2211 188 2276 tum
220 2211 252 2278 et
281 2204 534 2300 disputationes
564 2203 641 2275 illas
668 2202 711 2274 ad
743 2201 1004 2299 philosophiam
1035 2202 1173 2275 autad

112 2358 227 2409 mores
252 2336 441 2410 hominum
471 2336 685 2432 pertinentes
706 2334 1011 2424 animadverterit,
1042 2334 1172 2430 quihus

110 2470 172 2543 ille
193 2469 378 2566 tragoedias
397 2469 545 2566 saepius,
573 2469 703 2557 fateor,
726 2469 971 2566 intempestive
996 2467 1174 2544 illustrare

110 2604 212 2677 solet.
236 2605 335 2694 lude,
356 2605 451 2700 quod
469 2604 564 2701 apud
578 2627 703 2677 omnes
717 2604 798 2677 satis
818 2611 968 2695 constat,
986 2604 1172 2701 Euripides

106 2741 187 2835 jure
203 2739 400 2837 appellatus
426 2739 492 2811 luit
506 2740 656 2812 scenicus
670 2739 908 2835 philosophus.
932 2741 1004 2812 Nec
1022 2738 1095 2835 jam
1112 2738 1174 2812 dc·

111 2873 211 2948 luere
235 2874 295 2970 qui
316 2873 531 2947 cumulatius
558 2874 602 2946 de
623 2873 800 2969 Euripidis
823 2874 1028 2946 cothurnata
1049 2872 1172 2968 philo-

110 3009 234 3104 sophia
269 3007 444 3096 dicerent,
478 3030 585 3103 quam
610 3014 648 3079 ut
676 3030 750 3079 rem
787 3008 949 3081 eamdem
984 3013 1172 3081 retractare

108 3166 226 3241 operm
241 3143 285 3217 sit
306 3142 471 3240 pretium.
496 3143 673 3217 Hodierna
690 3149 808 3215 autem
824 3143 901 3216 haec
921 3142 1114 3239 disputatio
1130 3163 1172 3216 eo

110 3275 197 3348 valet
220 3283 276 3365 ut,
299 3283 472 3370 quantum
499 3274 575 3348 lieri
597 3275 723 3371 possit,
752 3275 951 3349 accuratius
972 3273 1173 3370 inquiratur

109 3432 152 3482 an
171 3410 259 3483 torte
278 3409 414 3504 aliquid
434 3412 601 3484 Socratici
620 3434 640 3503 e
663 3418 713 3483 tot
733 3398 912 3484 sententiis
932 3409 1091 3483 redolere
1116 3409 1172 3482 vi-

110 3543 246 3629 deatur,
277 3565 321 3614 au
349 3542 473 3616 saltem
501 3545 686 3618 nonnullae
713 3545 785 3616 sint
807 3567 887 3639 quae
907 3565 989 3616 cum
1009 3542 1171 3615 doctrina

109 3678 259 3750 Socratis
281 3678 393 3773 reipsa
413 3681 646 3754 consentiant.
668 3679 819 3766 Etenim,
840 3678 1000 3774 quamvis
1021 3676 1173 3750 libenter

109 3810 345 3884 concedamus
369 3812 572 3908 Euripidem
600 3812 712 3885 multa
738 3812 896 3885 hausisse
914 3833 934 3884 e
953 3809 1086 3905 vulgari
1108 3808 1170 3882 illa

107 3949 140 4014 ct
167 3943 266 4038 quasi
286 3943 321 4013 in
343 3944 460 4017 medio
481 3946 594 4042 posito
618 3945 856 4043 philosophia,
880 3951 1016 4029 tamen,
1042 3942 1170 4038 siquis

107 4072 159 4146 vcl
174 4075 362 4169 paululum
379 4077 414 4150 iu
433 4079 537 4153 rebus
559 4082 707 4178 hujusce
721 4079 860 4176 generis
875 4078 980 4151 luerit
996 4086 1167 4164 versatus
