2706 4718
641 528 688 538 -
716 492 758 558 rr
788 528 834 559 -,-
1056 582 1059 590 ⁴

204 643 323 708 nutum
342 657 416 708 esse
443 637 479 707 in
504 636 639 710 Graeoia
658 639 784 733 etjam
809 636 967 710 adultam
995 660 1121 711 nomm
1144 661 1269 732 quam-

204 769 285 841 dam
305 769 412 842 veluti
434 775 601 879 mentem,
625 793 695 866 quo
713 769 889 859 homines,
912 792 1031 843 rerum
1055 777 1190 844 neturae
1208 772 1267 843 in-

204 901 348 992 curiosi,
376 925 412 976 se
435 903 530 1000 ipsos
560 902 691 976 intueri
713 907 747 975 et
765 909 928 976 excutere
946 903 1096 976 malint?
1297 888 1298 894 ἵ

252 1037 418 1122 Quamvis
442 1038 570 1112 harum
599 1037 850 1111 sententiarum
872 1039 1042 1136 plurimes
1063 1061 1083 1111 e
1103 1036 1266 1134 sophistis

201 1170 419 1268 prioribusve
442 1171 735 1268 philosophorum
764 1172 867 1246 sectis
885 1172 1042 1245 hauserit
1062 1170 1262 1268 Euripides,

200 1326 271 1376 non
287 1302 520 1401 prohibemur
539 1303 682 1401 vestigia
701 1303 866 1401 quaedom
883 1327 1070 1401 agnoscere
1085 1303 1266 1377 recentio-

200 1436 248 1509 ris
269 1439 456 1534 cujusdam
480 1439 675 1536 discipiinae
704 1462 783 1535 quae
809 1438 1008 1536 sophisticae
1028 1437 1093 1510 arti
1112 1436 1264 1508 maxime

198 1550 413 1648 odrorsatur.
431 1559 534 1660 Quod
552 1598 735 1672 speremus
749 1575 824 1648 sore
835 1580 882 1666 'ut
896 1573 1124 1647 manifestum
1144 1578 1263 1649 nostra

198 1702 428 1797 inquisitione
456 1705 530 1782 ssot.
554 1709 656 1778 Nune
683 1713 800 1778 autem
824 1706 852 1776 si
879 1703 957 1799 quis
983 1726 1057 1777 rem
1086 1725 1263 1776 summum

152 1880 154 1884 »
199 1836 483 1928 consideraverit,
508 1845 653 1934 apparet
672 1839 707 1910 in
729 1862 770 1912 eo
791 1837 998 1934 Euripidem
1022 1860 1102 1910 rum
1124 1839 1265 1909 Socrate

200 1971 400 2061 convenire,
421 1972 555 2044 seilicet
575 1972 671 2067 quod
697 1978 855 2066 uterque,
877 1969 1113 2044 acoelestibus
1133 1968 1262 2042 dessee·

199 2107 292 2190 tens,
314 2102 351 2173 in
370 2101 559 2178 hominum
583 2112 745 2176 naturum
763 2105 1041 2198 pernoscendum
1063 2110 1172 2176 totam
1191 2102 1262 2174 rim
1325 2087 1328 2094 ¹

198 2236 307 2308 enimi
326 2239 478 2310 verterit.
503 2239 586 2311 inde
603 2239 680 2334 jam
701 2237 847 2334 intelligi
874 2245 987 2335 potest
1007 2262 1071 2311 eur
1089 2239 1183 2311 inmo
1201 2237 1263 2308 in-

198 2362 375 2451 crebuerit
389 2372 593 2469 Euripidem
609 2394 629 2443 a
644 2373 786 2445 Socrate
804 2370 843 2442 in
864 2371 1087 2445 suis-sabulis
1112 2393 1262 2467 compo-

120 2502 122 2506 ‘
195 2507 321 2579 nendis
347 2508 510 2604 adjutum
539 2531 626 2596 esse,
655 2513 760 2602 atquo
787 2478 891 2580 etiem
920 2531 983 2581 cur
1008 2505 1262 2603 Aristophanes

195 2644 387 2736 utrumque
406 2640 537 2738 pariter
555 2639 683 2714 oderit.
