2706 4718
584 474 632 486 ....
661 439 704 507 56
732 474 778 486 ..-

147 581 258 655 alleba
277 590 394 656 aulem
424 588 584 671 πολύδημος,
607 580 803 679 significare
822 583 960 671 Volull¹‚
988 585 1083 659 idem
1106 589 1203 660 [lull-

150 718 248 815 pides
269 699 408 818 delegit,
437 723 522 795 dum
547 723 719 794 Venerem
733 719 917 818 profitetur
937 720 1027 792 nihil
1047 746 1122 796 esse
1142 725 1204 796 nisi

152 853 389 928 humanarum
410 855 598 928 libidinum
620 877 817 952 expressam
838 856 1055 950 imaginem:
1097 827 1104 840 Ι

237 1042 328 1095 Stulta
343 1042 420 1096 enim
435 1043 533 1098 omnia
547 1045 613 1096 sunt
626 1043 721 1097 Venus
740 1043 918 1110 mortalibus,
1053 1103 1056 1106 ⁴

238 1133 271 1186 Et
286 1148 397 1193 nomen
416 1133 476 1188 deae
495 1136 571 1188 recto
591 1150 608 1187 a
628 1132 751 1188 stult'tia
766 1133 921 1206 (ἀφροσύνης)
936 1133 1037 1205 incipit
1050 1142 1071 1190 2.

196 1292 231 1365 Si
254 1293 398 1388 quidem
416 1293 468 1365 vel
485 1293 648 1389 disjectae·
659 1293 861 1389 hujusmodi
885 1294 1066 1367 sententie
1083 1296 1200 1393 depre-

75 1416 77 1420 '
150 1427 541 1515 lienduntur‚nonnihil
558 1428 632 1522 jam
653 1442 767 1500 eausa
786 1434 837 1501 est
855 1451 917 1500 our
930 1428 1111 1503 conclusio
1130 1454 1203 1504 nos·
1230 1472 1236 1507 .=
1285 1458 1286 1464 ¹

146 1568 199 1634 tna
212 1561 423 1658 sit'probata.
446 1563 590 1636 Accedit
609 1563 704 1658 quod
724 1564 982 1637 summaeliam
998 1566 1200 1638 nonnullius

148 1697 329 1794 Euripidis
352 1697 531 1794 tragoediae
550 1696 674 1770 eodem
689 1681 833 1771 ‘videtur
850 1697 1036 1794 pertinere.
1061 1702 1112 1772 Ne
1131 1699 1207 1795 plu-

147 1812 406 1928 impuleram,
424 1833 541 1906 diuam
559 1838 746 1928 utramque
762 1832 917 1905 subulam
931 1856 1010 1928 quae
1029 1811 1164 1907 Helena
1176 1841 1207 1908 et

145 1969 210 2040 lon
238 1967 404 2063 inscripta
427 1973 490 2054 esi,
510 1966 546 2036 in
577 1967 730 2038 notanda
754 1965 901 2038 libidine
932 1966 1076 2038 Veneris
1104 1972 1205 2061 alque

149 2099 322 2195 Apollinis
344 2107 448 2172 lotam
469 2099 611 2172 versari.
626 2102 664 2170 ln
686 2099 802 2195 priore
821 2101 929 2189 enim,
951 2107 1073 2172 oonlna
1092 2104 1204 2175 Vene-

151 2232 1205 2330 nemlolaminoupidinibuselprodiliouibusquihusgentes

150 2388 274 2439 cruore
295 2372 544 2464 respergantur
556 2363 800 2456 suscitandis³,
813 2366 1021 2440 sialinnuba
1040 2369 1204 2443 Theonoe

149 2525 240 2596 qua,
271 2501 428 2574 mortalis
459 2501 553 2589 licei,
576 2522 596 2571 a
617 2478 718 2595 poeta
744 2499 828 2573 reoli
854 2499 1065 2594 honestique
1093 2506 1207 2574 eustos

147 2633 337 2708 constituta
354 2621 456 2707 estis
470 2638 532 2706 Res
553 2640 670 2706 autem
691 2633 810 2706 forsan
827 2632 864 2704 in
882 2635 967 2706 Ione
993 2633 1119 2706 fortius
1144 2657 1207 2706 ex-

145 2789 262 2863 pressa
281 2767 466 2840 videbitur.
487 2766 578 2852 Quid
596 2768 689 2839 enim
706 2750 775 2840 dici
787 2766 945 2862 asperius
965 2774 1079 2863 polest
1094 2770 1132 2840 in
1146 2769 1208 2841 ila-

143 2901 305 2996 gitiosam
325 2899 499 2996 Apollinis
520 2899 777 2996 petulantiam?
798 2901 839 2971 Et
867 2904 972 2988 Deus,
1004 2924 1208 2997 quanquam

144 3032 284 3122 absens,
307 3058 379 3107 non
399 3033 577 3130 improbas
596 3034 713 3122 modo,
732 3035 792 3106 sed
815 3057 915 3131 paene
936 3033 1102 3107 ridiculas
1124 3055 1209 3129 pan-

144 3178 194 3242 les
222 3169 310 3264 agit;
341 3189 436 3256 nam,
469 3166 675 3263 urgentibus
705 3169 864 3241 convitiis
890 3177 1132 3265 oppugnatus,
1165 3191 1226 3240 ne·

144 3303 248 3375 audet
263 3302 421 3398 quidem,
440 3303 594 3375 Minerva
614 3303 756 3386 latente,
776 3302 848 3397 ipse
865 3302 909 3374 ad
925 3302 1112 3375 dicendam
1125 3325 1210 3383 cau-

145 3458 216 3508 sam
240 3437 369 3523 venire,
393 3437 526 3537 nedum
552 3439 692 3509 Creusa
705 3437 893 3509 maledieta
913 3431 1095 3532 corrigat⁵.
1119 3439 1208 3510 Nec·

143 3592 214 3642 nou
243 3571 413 3665 quiddam
441 3595 571 3645 uovum
592 3560 642 3646 est
663 3573 795 3666 inipso
819 3574 916 3660 lone,
942 3572 1084 3668 qualem
1108 3571 1211 3643 finxit

148 3701 348 3797 Euripides,
384 3705 531 3778 Saeuam
560 3709 654 3780 enim
687 3706 876 3801 ingressus,
907 3705 972 3780 ille
996 3708 1070 3779 lon·
1089 3704 1213 3777 laudi-

176 4031 195 4076 1.
216 4029 243 4077 V.
268 4029 345 4079 Couu.
369 4032 488 4095 Xenoph.
503 4060 531 4068 -
552 4035 575 4081 2.
600 4031 687 4080 Troud.
704 4047 728 4080 v.
745 4034 789 4082 989
804 4035 830 4080 el
842 4034 896 4082 990,
908 4059 936 4066 —
955 4034 977 4081 3,
993 4031 1047 4080 Hel.
1064 4046 1088 4079 v.
1107 4035 1165 4082 11⁰2
1180 4037 1203 4080 el

141 4120 196 4169 sqq.
213 4136 241 4143 -
257 4111 279 4159 l.
298 4109 328 4159 Id
342 4126 365 4158 v.
382 4114 436 4178 998.
451 4141 480 4148 -
493 4116 515 4162 5,
528 4115 569 4162 lon
585 4129 609 4162 v.
628 4116 685 4162 1357
701 4117 727 4162 et
742 4127 797 4176 sqq.
