2706 4718
592 1181 753 1256 CAPUT
789 1181 838 1254 lv

261 1557 312 1605 nu
338 1542 439 1604 nucu
454 1553 496 1600 ur
523 1551 722 1601 Pnunnnnrn
748 1546 853 1595 crvrur
881 1545 965 1604 ouru
990 1543 1163 1592 socuurus

385 1654 388 1659 ’
458 1679 502 1727 ur
529 1676 714 1727 uunrrruus
741 1670 945 1722 suusuurur.

235 2003 262 2072 Ι.
288 2005 315 2070 Α
340 1997 464 2071 morali
489 1997 640 2070 Socratis
664 1997 849 2095 disciplina
878 1999 934 2070 vix
960 1997 1114 2092 disjungi
1138 2002 1247 2091 potest

183 2137 279 2232 quod
300 2134 409 2208 sensit
427 2140 505 2206 turn
526 2133 569 2206 de
595 2156 636 2206 ee
656 2155 764 2229 quern
793 2134 990 2207 naturalem
1014 2133 1127 2228 legem
1153 2154 1251 2205 voce-

184 2293 280 2358 mus,
301 2277 376 2342 tum
392 2269 525 2344 idcirco
540 2270 584 2342 de
599 2269 735 2366 legibus
759 2270 937 2343 civitatum
959 2277 992 2342 et
1013 2269 1166 2363 regenda
1185 2262 1244 2342 re-'

186 2404 331 2502 publice
350 2430 357 2477 :
378 2426 460 2476 nam
481 2404 595 2502 reipsa
614 2404 749 2501 primus
774 2404 1069 2502 philosophorum
1090 2405 1249 2477 Socrates

186 2561 327 2611 morum
348 2538 508 2612 doctriua
527 2538 619 2636 leges
639 2539 815 2612 humanus
844 2536 1121 2635 reipublicaeque
1140 2527 1249 2608 adrni-

183 2669 376 2743 nistrendae
395 2666 565 2763 sotionem
582 2671 753 2777 contineri
769 2672 893 2760 voluit,
911 2677 944 2744 et
955 2671 1129 2768 legesoou
1142 2670 1251 2766 scrip-

183 2816 275 2876 turo
306 2806 447 2900 scriptis
464 2803 601 2900 iegibus
621 2775 781 2900 expresse
801 2803 1008 2902 separando,
1028 2803 1086 2899 jus
1112 2810 1249 2876 neturae
1276 2832 1282 2840 ¹

181 2939 346 3013 instituit.
365 2938 647 3035 AXeuophonte
666 2939 865 3035 accepimus
882 2962 1040 3036 quonum
1054 2939 1159 3013 modo
1181 2942 1248 3013 So-

183 3079 293 3144 crates
313 3071 433 3167 legum
453 3095 525 3145 nou
540 3073 750 3171 scriptarum
772 3082 934 3147 naturum
950 3073 1149 3148 describere
1168 3073 1249 3147 soli-

181 3213 238 3279 tus
251 3213 357 3296 esset;
371 3230 428 3280 ees
443 3229 584 3305 nempe,
603 3231 681 3303 quae
697 3209 809 3282 ubivis
823 3209 984 3283 locorum
1004 3209 1129 3281 eodem
1142 3207 1248 3281 modo

182 3339 424 3431 observentur,
442 3363 514 3414 non
528 3340 714 3414 hominurn
729 3343 880 3439 ingeniis
900 3342 1006 3416 fuisse
1021 3343 1244 3437 excogitatos,

182 3497 248 3547 nec
266 3474 353 3548 scito
368 3473 583 3571 populorum
596 3475 766 3565 conditos,
790 3499 901 3571 quum
916 3476 1079 3549 homines
1095 3474 1249 3548 universi

182 3610 368 3685 convenire
389 3634 459 3685 uon
483 3611 617 3708 possint
643 3634 709 3684 uec
735 3610 861 3685 eodem
885 3634 1048 3684 sermone
1078 3618 1245 3710 utentur;

117 3797 120 3803 .
182 3740 348 3813 divinitus
369 3749 488 3814 eutem
508 3741 554 3815 ud
572 3740 734 3815 homines
758 3741 889 3813 deletos
912 3741 1063 3829 fuisse¹3
1091 3742 1251 3836 quicun-

216 3975 238 4021 t.
253 3971 393 4022 Socratico
407 3971 546 4021 senteutise
561 3971 692 4035 interpres
707 3971 756 4021 fuit
768 3971 858 4020 Cicero
873 3971 901 4020 in
910 3971 996 4035 primo
1007 3971 1038 4019 de
1050 3968 1161 4034 Lepidus
1171 3961 1249 4030 libro,

182 4066 204 4100 c.
218 4066 268 4102 xvr.
284 4071 295 4095 u
312 4051 388 4110 Quod
406 4052 427 4100 si
443 4052 604 4116 populorum
620 4051 713 4116 jussis,
728 4051 750 4099 si
769 4051 919 4115 principum
933 4051 1055 4113 decretis,
1074 4049 1096 4099 si
1111 4049 1249 4100 sententiis

178 4131 309 4196 judicum,
320 4133 383 4198 juru
394 4133 630 4192 constituerentur,
643 4136 692 4182 etc.
708 4152 719 4176 u
796 4192 799 4197 .
