2706 4718
580 1160 860 1234 CONCLUSIO

234 1559 352 1640 Quom
371 1556 415 1628 ad
436 1522 564 1628 destrae
582 1553 835 1649 disquisitionis
857 1553 989 1624 exitum
1010 1550 1162 1648 pervecti
1196 1551 1251 1622 si-

185 1713 277 1776 mus,
296 1713 374 1763 eam
396 1690 516 1786 paucis
538 1690 746 1763 contrahere
766 1695 799 1760 et
819 1687 905 1783 quid
925 1686 1007 1758 inde
1024 1684 1142 1780 colligi
1160 1706 1249 1779 pos·

189 1824 232 1894 sit
253 1822 404 1896 breviter
418 1822 582 1919 expedire
598 1822 780 1900 debemus.

237 2065 264 2132 l.
289 2062 398 2135 Nobis
417 2070 492 2135 erat
511 2062 733 2158 propositum
757 2084 916 2157 quaerere
940 2085 985 2135 an
1002 2059 1137 2157 aliquid
1157 2061 1252 2135 inter

185 2197 362 2292 Euripidis
398 2196 581 2292 tragoedias
607 2202 640 2269 et
667 2197 880 2270 Socraticam
913 2176 1136 2292 disciplinam
1166 2217 1254 2269 con·

184 2335 391 2402 seutaueum
422 2330 479 2402 sit.
512 2329 655 2402 Nullam
686 2353 769 2403 sane
789 2331 897 2404 iidem
927 2327 1179 2403 commentitiae
1199 2329 1251 2402 illi

184 2462 468 2555 historiunculae,
485 2488 555 2561 qua
574 2465 702 2538 comici
716 2473 828 2561 poeta
846 2463 1050 2560 Euripidem
1069 2484 1090 2533 a
1105 2463 1252 2534 Socrate

155 2634 158 2641 ·
185 2597 222 2668 in
253 2599 509 2696 componendis
535 2599 663 2672 tabulis
687 2601 849 2696 adjutum
872 2622 946 2672 esse
970 2597 1161 2686 finxerunt,
1190 2598 1254 2671 ad-

185 2732 380 2807 hibuimus.
406 2737 583 2824 Attamen,
604 2737 631 2808 si
652 2759 725 2808 rem
738 2737 851 2832 ipsam
871 2759 950 2829 quae
969 2734 1081 2809 verbis
1096 2735 1257 2832 subjecta

188 2862 274 2936 latet
288 2863 455 2959 indagare
476 2865 651 2954 novimus,
678 2888 749 2937 uon
770 2888 957 2962 possumus
978 2888 1050 2937 non
1066 2866 1168 2938 lateri
1185 2890 1258 2963 po-

187 2999 311 3096 pulum
325 2998 429 3071 illum
444 2997 695 3071 Atheniensem
710 3000 929 3094 sagacissime
944 3001 1131 3075 odoratum
1145 2999 1254 3074 luisse

187 3158 257 3209 non
279 3158 426 3207 manum
447 3135 605 3230 quidem,
628 3136 689 3208 sed
709 3144 863 3210 mentem
885 3138 1099 3211 Socraticam
1112 3135 1246 3232 ubique

186 3272 393 3367 impressam
424 3294 500 3345 esse
531 3273 566 3342 in
593 3273 790 3369 Euripideis
815 3273 957 3362 tabulis,
980 3276 1029 3347 ita
1056 3284 1093 3347 ut
1118 3271 1253 3345 inscius

187 3408 343 3480 Socrates
364 3408 476 3480 inscio
492 3408 650 3503 Euripidi
672 3417 766 3482 certo
787 3409 952 3482 adsuerit.

157 3583 159 3627 3
235 3543 336 3631 Nam,
358 3541 385 3613 si
407 3564 469 3636 per
481 3541 618 3636 singola
633 3542 812 3631 decurras,
836 3550 1103 3618 nonneconstat
1122 3565 1250 3616 norom

186 3674 463 3772 philosophandi
484 3677 670 3764 rationem,
692 3677 867 3775 imprimis
898 3701 919 3750 a
945 3666 1085 3754 Socrate
1106 3681 1253 3777 prolec-
1302 3765 1306 3772 .

83 3846 85 3850 <
185 3814 382 3905 tamque,
405 3810 562 3904 primurn
589 3794 712 3902 totum¹
735 3810 916 3885 hominem
941 3813 1140 3911 complexa,
1172 3793 1249 3908 ejirs

185 3945 339 4034 notitias
356 3970 477 4020 seusus
492 3954 527 4020 et
546 3946 755 4042 cupiditates
770 3932 946 4020 subtiliter
961 3948 1157 4046 descripsit,
1171 3972 1248 4022 eam

185 4104 374 4176 essequam
388 4082 544 4177 primum
564 4083 596 4153 in
615 4103 753 4154 scenam
771 4081 954 4176 Euripides
971 4082 1129 4156 induxit?
1142 4086 1251 4157 Eum·
