2706 4718
591 493 637 505 ..
666 456 710 524 59
738 494 785 504 -

150 609 232 682 dem
250 605 337 701 quid
357 604 400 677 de
417 625 455 677 re
473 601 606 676 Socrati
624 601 794 691 videatur,
813 607 1017 697 quanteque
1040 601 1215 674 excelsio-

153 766 228 816 rem
256 762 363 837 quam
383 737 537 833 equales
557 736 617 809 Dei
638 735 908 834 intelligentiam
928 736 1213 832 comprehende-

152 876 212 948 rit.
240 877 328 946 Nam
351 871 548 946 Socraticus
566 872 658 943 Deus
681 891 753 942 nen
779 844 885 944 modo
910 883 969 946 νοῦς
991 875 1044 942 est
1070 871 1212 942 Anaxa-

147 1032 256 1106 gere,
274 1008 330 1080 cui
350 1012 383 1080 et
403 1003 618 1079 conscientia
633 1008 688 1074 sut
707 1014 740 1076 et
759 993 979 1100 previdentia
1001 1003 1110 1090 deest,
1133 1001 1210 1098 qui-

149 1164 233 1237 que.
250 1139 416 1214 omnihus
436 1137 545 1212 semel
564 1136 751 1233 designatis
771 1144 804 1210 et
823 1135 1131 1234 descriptis‚quasi
1152 1159 1212 1209 re-

148 1274 249 1348 cessit
265 1281 298 1347 et
318 1273 410 1345 intra
423 1295 460 1344 se
473 1271 588 1368 ipsum
606 1277 699 1344 totus
718 1269 895 1366 coniugit3
913 1267 976 1342 sed
989 1267 1096 1341 etiam
1111 1290 1212 1341 mens

150 1416 200 1482 est
220 1432 299 1503 quae
317 1405 483 1481 omnihus
496 1405 620 1478 mundi
640 1405 800 1503 partibus
818 1405 929 1494 adest,
952 1425 1020 1477 nec
1034 1404 1110 1499 jam
1131 1404 1213 1476 uni-

148 1565 285 1617 versum
306 1542 470 1614 universa
488 1539 577 1635 lege,
600 1541 663 1612 sed
682 1539 821 1635 singula
838 1539 985 1636 singulis
1004 1538 1140 1637 legibus
1155 1561 1210 1612 re-

146 1676 207 1771 git.
242 1677 340 1746 Mens
371 1680 423 1746 est
447 1679 617 1769 preterea
643 1696 723 1768 quae
760 1674 1060 1771 suimet-conscia
1088 1696 1211 1746 curam

148 1797 266 1884 rerum
295 1809 534 1881 humanarum
565 1807 653 1903 gerit
684 1815 717 1880 et
750 1809 842 1881 intra
864 1830 932 1896 nes
960 1809 1069 1883 sedet.
1096 1812 1210 1894 Quam

145 1946 315 2030 mentem,
333 1941 370 2014 id
389 1953 454 2031 est,
476 1944 590 2014 Deum
616 1964 692 2015 esse
721 1951 798 2014 tum
827 1965 870 2016 ex
897 1945 1060 2018 universo
1090 1967 1209 2017 rerum

144 2078 283 2166 urdine,
307 2083 381 2148 tum
401 2099 443 2149 ex
462 2076 534 2148 suis
549 2077 923 2173 cujusqueanimantis
935 2079 1065 2153 finibus
1081 2082 1210 2153 Socra-

144 2220 194 2284 tes
209 2211 333 2309 probat
355 2234 466 2285 :nam
487 2211 680 2286 rectissime
701 2213 852 2309 explicat
872 2217 1173 2310 quemadmodum
1193 2238 1214 2288 a

144 2354 283 2417 summo
300 2352 434 2418 rectene
452 2351 485 2416 et
501 2344 645 2417 demina
663 2331 829 2419 omnibus
844 2347 1099 2437 animantibus,
1121 2372 1212 2443 prae-

143 2479 334 2575 sertirnque
352 2479 668 2576 homini‚pr0pter
691 2501 799 2576 quem
825 2486 940 2553 cetera
961 2480 1091 2552 fuerint
1120 2501 1205 2553 con-

147 2614 231 2703 dita,
261 2615 464 2687 consultum
497 2614 553 2686 sit.
585 2615 722 2686 Primus
752 2637 834 2710 ergo
860 2599 1024 2688 emnium
1047 2618 1205 2689 Socrates

147 2750 280 2822 ratione
295 2773 374 2845 quae
389 2770 431 2821 ex
451 2750 562 2821 causis
576 2749 741 2845 finalibus
761 2749 892 2846 pendet
905 2753 1015 2823 Deum
1029 2771 1104 2822 esse
1123 2771 1206 2823 cen·

145 2882 362 2991 firmavitpet
382 2905 482 2979 paene
501 2888 608 2955 tutam
630 2884 707 2979 ejus
727 2889 892 2955 naturam
914 2881 1067 2956 bonitate
1086 2883 1208 2965 conti-

146 3017 234 3088 neri.
266 3020 298 3089 ls
319 3025 371 3090 est
393 3017 590 3090 Socraticus
619 3019 711 3110 Deus
731 3016 871 3113 qualem
898 3016 1000 3090 nohis
1026 3023 1064 3089 ut
1091 3019 1209 3090 Xeno-

144 3150 241 3247 phon
263 3150 310 3223 ita
331 3151 428 3224 Plato
446 3151 628 3248 expressit.

192 3284 294 3355 Haud
309 3284 472 3357 dubitare
487 3285 674 3382 quisquam
692 3292 807 3404 petest
823 3284 909 3394 quin
922 3289 1058 3354 certum
1076 3285 1203 3356 Socra-

142 3415 217 3487 tice
233 3415 401 3490 doctrine
412 3418 595 3515 vestigium
605 3419 661 3490 his
674 3417 849 3514 Euripidis
863 3415 1079 3489 carminibus
1092 3416 1196 3491 insit:

178 3584 199 3638 0
216 3589 298 3639 terrac
313 3585 485 3654 vehiculum,
502 3588 575 3642 etin
590 3591 666 3644 terra
675 3589 772 3644 sedem
787 3588 905 3652 habens,

179 3673 347 3747 Quicunque
362 3675 478 3730 tandem
492 3682 525 3732 tu
539 3693 580 3745 es,
596 3679 679 3734 nubis
697 3677 812 3734 difficile
827 3675 1054 3747 investigandus,

178 3761 299 3831 Jupiter,
316 3763 373 3818 sive
385 3763 446 3834 (sisi
463 3765 626 3822 necessitas
637 3771 757 3833 naturai,
769 3768 825 3823 sive
841 3781 925 3824 rueris
940 3763 1014 3834 (νοῦς)
1031 3764 1206 3832 uiertalium,

179 3850 215 3903 Te
230 3850 317 3904 adure
335 3869 341 3906 :
357 3858 459 3907 cuncta
473 3854 560 3921 enim,
576 3873 628 3926 per
642 3855 758 3910 tacitam

181 3940 326 4007 ingressus
343 3941 428 4009 rviam,
438 3942 520 4014 juste
537 3943 680 3999 auertatiu
698 3943 779 4015 repis
794 3947 809 4000 ¹.

178 4102 197 4148 i.
217 4099 306 4150 Tromt.
320 4115 344 4151 v.
361 4105 471 4153 sat-889.
