2706 4718
375 562 378 567 Α
609 501 655 515 -
683 464 802 564 38¹2

105 691 113 708 ,
175 619 232 690 tis.
257 584 521 689 Animadvertas
545 621 662 688 tamen
681 613 767 709 quid
786 592 878 685 inter
897 610 1031 705 priores
1057 617 1091 683 et
1108 614 1236 685 Socra·
1309 669 1312 675 .

176 760 248 826 tem
285 752 563 848 Euripidemque
594 751 742 825 intersit.
773 747 878 845 Apud
911 746 1046 844 priores
1073 746 1237 842 quidem,

173 907 313 958 necnon
333 890 366 957 et
379 883 584 978 AEschplum
613 889 648 954 et
669 879 895 978 Sophoclem,
916 891 959 969 τῷ
975 884 1056 966 μηδὲν
1069 886 1136 967 ἄγαν
1154 878 1242 951 reli-

141 1017 310 1112 ,giosum
342 1015 477 1112 aliquid
510 993 696 1112 subjicitur
733 1036 742 1089 :
774 1037 858 1086 nam
891 1012 1060 1108 quoniam
1093 1013 1239 1108 aliquod

170 1157 223 1224 est
242 1173 376 1222 numen
393 1149 488 1246 quod
502 1173 564 1223 sua
585 1149 713 1245 cuique
729 1148 851 1221 dividit
873 1157 996 1255 (Νέμςσις
1013 1173 1034 1219 a
1053 1159 1152 1240 νέμω),
1171 1173 1237 1223 nec
1277 1140 1280 1148 ’

106 1373 111 1384 ἱ
171 1273 304 1381 patitur
325 1306 541 1380 quemquam
571 1290 667 1356 extra
695 1283 782 1356 fines
808 1281 885 1354 sibiw
902 1282 1094 1378 assignatos
1120 1280 1235 1352 efferri

170 1424 204 1491 et
224 1415 396 1505 lascivire,
419 1415 482 1488 viri
507 1437 581 1488 esse
600 1411 766 1512 sapientis
780 1414 943 1509 judicant
963 1414 1000 1485 in
1022 1413 1178 1510 qualibet
1199 1438 1235 1488 re

172 1553 401 1635 reformidare
430 1549 540 1623 nimia
564 1574 642 1646 quae
670 1573 788 1624 rerum
809 1551 1042 1623 necessariam
1062 1550 1235 1623 vicissitu-
1314 1612 1326 1637 ,

94 1776 95 1780 ¹
162 1676 290 1759 'dinem
303 1686 368 1782 ipsi
385 1684 604 1787 prasagiant
624 1687 754 1757 Contra
772 1683 869 1779 apud
881 1686 1061 1756 Socratem
1077 1693 1110 1756 et
1126 1685 1176 1756 Eu
1184 1685 1235 1756 ri-

149 1854 150 1858 *
169 1818 288 1915 pidem
306 1817 540 1915 temperantia
555 1816 664 1894 virtus
678 1817 718 1888 su
732 1816 898 1905 humano,
923 1787 1003 1911 quae
1021 1838 1064 1888 ex
1079 1818 1236 1904 hnmana

170 1951 306 2024 ratione
326 1951 474 2024 omnino
504 1950 646 2046 pendet,
670 1948 803 2022 nedum
832 1951 1016 2046 cujusdam
1044 1951 1094 2023 vis
1115 1973 1234 2025 rarum
1268 1951 1269 1954 ’

169 2084 332 2174 occultae,
362 2084 420 2156 oui
442 2083 533 2156 nihil
562 2082 674 2160 resisti
701 2084 823 2180 possit,
852 2085 1084 2158 reverentiam
1099 2095 1133 2159 et
1153 2110 1234 2160 mo-

169 2227 246 2291 tum
265 2217 450 2314 significet.
474 2218 522 2288 Ea
538 2209 591 2290 est'
608 2239 712 2290 causa
731 2217 845 2320 curin
867 2242 903 2291 re
923 2218 1005 2292 licet
1024 2221 1119 2315 apud
1138 2222 1234 2314 Gra-

168 2374 227 2425 cos
244 2349 483 2447 vulgatissima
501 2351 682 2447 Euripides
704 2373 786 2423 cum
807 2354 948 2440 Socrate
963 2353 1116 2426 conferri
1131 2377 1232 2450 posse

169 2483 270 2557 nohis
286 2484 456 2557 videatur.

216 2620 361 2708 Forsan,
388 2618 625 2694 concludendi
652 2645 770 2713 causa,
801 2622 1100 2717 quaerendumsit
1122 2646 1167 2713 an
1194 2625 1232 2696 in

48 2758 51 2762 “
74 2841 76 2847 Ι
168 2752 346 2848 Euripidis
367 2753 544 2849 tragoediis
567 2756 717 2828 Socratis
747 2756 867 2851 aliqua
886 2758 1002 2852 imago
1022 2758 1231 2833 adumbrata

167 2889 272 2962 inerit
293 2911 414 2979 :nam,
433 2889 461 2962 si
482 2890 710 2986 Xenophonti
730 2890 837 2963 tidem
855 2889 1079 2980 adhibemus,
1102 2893 1230 2964 Socra-

84 3077 87 3083 .
165 3022 208 3095 tis
228 3045 376 3119 persona
396 3023 496 3097 nulio
516 3025 623 3098 modo
649 3023 693 3096 ab
712 3027 788 3121 ejus
809 3026 968 3099 doctrina
988 3025 1141 3122 separari
1162 3048 1231 3121 po·
1293 3097 1297 3104 ,

162 3163 264 3247 terat,
296 3158 343 3229 ita
366 3162 403 3229 nt
439 3181 552 3229 uuum
571 3165 604 3231 et
624 3158 719 3231 idem
739 3169 827 3232 esset
860 3160 897 3232 id
922 3161 1018 3255 quod
1042 3159 1166 3255 agebat
1195 3167 1228 3231 et

164 3289 403 3401 praecipiebat.
429 3287 515 3364 inde
533 3292 721 3367 verisimile
750 3294 908 3367 videatur
929 3295 1088 3391 Euripidi
1109 3295 1229 3368 animo

164 3425 315 3497 Socratis
333 3425 444 3521 ipsius
458 3426 649 3522 imaginem
668 3427 888 3502 obversatam
905 3431 1025 3520 fuisse,
1046 3404 1230 3524 siquando

163 3556 279 3630 virum
299 3582 377 3632 vere
389 3561 583 3656 sapientem
597 3564 744 3638 uoluerit
757 3565 937 3639 iuducere.
953 3569 1028 3651 Qua
1042 3565 1077 3637 iu
1094 3589 1131 3639 re
1146 3589 1232 3638 con-

161 3688 300 3784 jectura
319 3694 423 3778 modo
444 3695 519 3769 fiori
532 3704 657 3794 potest.
683 3703 894 3795 interpretes
916 3706 1033 3773 tamen
1056 3700 1128 3772 sere
1150 3699 1229 3771 uni-

167 3826 366 3917 versihuuc
380 3827 500 3902 locuin
513 3830 548 3903 iu
562 3834 740 3906 Socratem
752 3833 869 3929 ipsum
881 3835 1008 3908 cadere
1023 3840 1207 3908 senserunt
1219 3860 1229 3937 :¹

307 4024 386 4080 Alius
401 4042 467 4080 vero
483 4045 602 4100 surgens
618 4031 688 4085 dixit
702 4029 769 4084 huic
783 4032 936 4097 contraria,

307 4114 411 4169 Forma
425 4116 541 4188 quidem
557 4136 615 4174 nou
627 4120 808 4190 conspicuus,
824 4121 905 4175 fortis
919 4137 988 4182 vero¹
1002 4120 1053 4188 uir,
1114 4155 1124 4170 .
