2706 4718
579 504 624 514 ,.
653 466 697 534 35
725 503 771 512 -

143 608 218 680 mili
245 577 365 683 animo
397 610 563 683 fatentem
603 613 741 684 «satius
766 608 842 684 esse
867 609 920 684 vel
952 586 1064 683 unum
1093 608 1205 681 virum

141 767 247 839 qnam
276 744 374 817 mille
404 718 555 818 seminas
578 746 693 820 luoern
733 744 914 842 adspicere
936 756 965 833 ¹;
989 775 1004 812 »
1041 745 1205 841 profitea-

144 886 285 974 turque‚
301 879 487 976 Hippolyto
510 905 592 953 usus
611 881 814 976 interprete,
838 902 874 953 se
885 901 1069 974 nunquam
1089 900 1209 975 passu-

144 1039 223 1088 rum
249 1017 370 1089 odium
399 1040 503 1090 suum
527 1017 694 1113 restingui
722 1015 774 1088 vel
800 1003 950 1112 mitigari
972 1010 1002 1108 '3
1020 1015 1128 1105 idem,
1151 1014 1210 1086 in-

145 1172 271 1243 quam,
299 1150 336 1221 in
360 1149 432 1222 suis
454 1149 584 1222 sabulis
605 1148 775 1244 quasdam
796 1149 846 1221 sic
867 1149 1003 1245 effingit
1027 1148 1210 1243 animique

146 1279 248 1357 bonis
261 1291 297 1356 et
313 1281 502 1356 virtutibus
521 1283 698 1372 honestat,
728 1288 768 1355 nt
794 1282 872 1380 ipse
893 1282 1079 1379 Euripides
1102 1280 1211 1353 Euri-

142 1415 261 1510 pidem
279 1415 488 1512 redarguere
500 1416 590 1492 velle
609 1417 780 1491 videatur.
799 1418 924 1490 Nonne
944 1417 1050 1490 etiam
1064 1414 1212 1489 Alcestis
1313 1416 1316 1422 ’

143 1522 466 1643 regendaetamiliae¹
483 1551 656 1625 rationem
669 1575 711 1624 ex
728 1552 954 1625 OEeonomioo
964 1547 1210 1646 Xenophontis

145 1681 295 1756 didicit?
320 1685 623 1778 quemadmodum
651 1683 746 1758 enim
777 1681 941 1772 domina,
978 1681 1120 1777 qualem
1147 1703 1212 1755 ex·
1306 1664 1309 1666 ’

145 1816 243 1889 hibet
266 1819 419 1891 Socratis
442 1819 629 1915 interpres,
656 1840 764 1915 apum
799 1816 869 1913 regi
900 1816 1024 1889 similis
1049 1822 1114 1904 est,
1150 1814 1211 1910 qui

146 1953 233 2026 adeo
267 1938 444 2050 opiticum
474 1953 756 2027 benevolentiam
783 1951 849 2025 sihi
875 1951 1053 2039 conciliat,
1090 1956 1142 2039 ut,
1184 1951 1211 2022 si

148 2086 236 2159 lorte
254 2086 392 2159 alveum
411 2083 624 2183 egrediatur,
654 2093 786 2160 ceteras
806 2108 888 2182 apes
913 2107 1034 2160 seeum
1054 2087 1191 2156 moveat
1198 2107 1208 2168 ;

146 2222 192 2295 ita
221 2224 368 2296 Alcestis
398 2247 513 2297 servos
546 2230 619 2296 tam
648 2223 807 2299 humane
842 2228 989 2308 tractat,
1023 2228 1063 2292 ut
1096 2217 1211 2291 niori-

145 2355 303 2431 bundam
322 2357 389 2446 illi,
412 2364 581 2453 tanquam
605 2355 707 2430 liberi
730 2363 925 2453 parentem,
946 2341 1012 2451 piis
1027 2351 1210 2426 desideriis

143 2501 404 2590 prosequantur
425 2494 450 2566 ³.
475 2493 660 2590 Euripides
688 2515 842 2588 quoque,
869 2492 956 2564 dum
980 2489 1149 2586 praedioat
1174 2510 1210 2560 so

98 2706 101 2710 ,
144 2633 275 2699 ceteras
293 2650 416 2727 omnes
437 2628 598 2716 seminas,
616 2633 768 2722 excepta
787 2632 913 2712 matre,
931 2625 1057 2732 odisse,
1076 2620 1210 2697 Soormi
1318 2661 1323 2672 ·

146 2763 287 2859 propior
310 2764 397 2835 mihi
423 2764 561 2837 videtur
581 2761 832 2874 Lamproolem¹
849 2763 952 2835 matri
973 2760 1059 2856 quid
1083 2757 1207 2832 debeat

145 2899 363 2987 admonenti,
384 2922 491 2995 quam
511 2898 676 2994 AEsohylo
695 2898 834 2973 docenti
857 2898 983 2971 melius
1010 2902 1144 2994 patrem
1165 2894 1210 2965 de

144 3029 263 3105 liberis
281 3034 447 3107 meritum
469 3055 668 3128 esse-quam
689 3041 839 3105 matrem
859 3031 884 3103 ⁸.

195 3172 234 3240 ln
266 3170 321 3241 liis
349 3178 382 3242 et
414 3170 537 3242 ceteris
572 3167 777 3264 hujusmodi
817 3156 1020 3262 Eu'ripidem
1058 3163 1208 3238 dixerim

83 3272 94 3288 ¹
144 3303 242 3396 quasi
274 3302 310 3374 in
343 3302 544 3399 propinquo
577 3301 729 3374 Socratis
759 3301 902 3373 versari.
934 3300 1057 3394 Operae
1089 3303 1205 3369 tamon
1281 3285 1283 3290 ’

143 3433 294 3529 pretium
319 3435 381 3522 sit,
415 3434 442 3507 si
472 3434 595 3522 liceat,
625 3432 763 3530 aliquid
787 3432 986 3530 expressius
1015 3431 1206 3529 aptiusque

143 3566 192 3639 rei
221 3576 350 3642 nostra
374 3568 410 3641 in
440 3569 598 3642 medium
628 3568 766 3657 afferro,
792 3590 863 3664 quo
887 3565 1006 3639 minus
1030 3565 1075 3637 de
1106 3562 1208 3635 Euri·
1274 3663 1276 3666 Ι

78 3727 79 3731 “
143 3697 232 3794 pidis
265 3723 347 3772 oum
382 3703 522 3774 Socrate
554 3701 707 3796 quodam
735 3721 908 3774 consensu
939 3697 975 3769 in
1008 3690 1205 3767 moralibus

146 3835 329 3932 praeceptis
349 3834 456 3930 possit
477 3833 646 3907 dubitari.

178 4043 200 4090 l.
215 4038 269 4102 lplr.
287 4039 313 4086 in
332 4037 390 4086 Aut.
411 4050 436 4084 v.
455 4041 524 4088 1394.
540 4064 568 4073 -
585 4041 609 4087 2.
628 3995 727 4100 Hippot.
744 4050 769 4084 v.
789 4036 835 4085 ool
850 4037 876 4083 et
890 4047 947 4098 sqq.
970 4060 998 4070 -·
1016 4035 1039 4084 3.
1055 4030 1108 4082 Ate.
1124 4047 1149 4082 v.
1168 4035 1211 4084 tut

145 4124 171 4167 et
183 4132 238 4181 sqq.
253 4144 282 4153 -
300 4121 324 4166 t.
337 4118 445 4166 Eumeis.
460 4131 485 4168 v.
500 4117 543 4168 661
561 4122 587 4168 et
598 4132 656 4181 sqq.
