2706 4718
576 483 769 554 ..37-

228 632 299 686 Nam
328 631 531 686 mediocritatis
558 632 684 704 primum
714 632 832 704 quidem
858 634 901 687 vel
920 592 1009 687 ’dictu

228 721 339 774 Nomen
352 724 478 792 prestat,
493 737 605 793 usuque
621 722 707 793 longe
727 721 795 794 tilla)

228 808 344 879 Optima
357 815 399 864 est
416 809 584 866 mortalibus
600 821 607 854 ¹
614 850 726 866 ..........

333 1259 401 1315 Vitae
415 1275 481 1314 vero
497 1263 628 1314 accurata
643 1258 738 1315 studia

335 1348 441 1403 Dicunt
455 1365 558 1403 nocere
573 1348 664 1419 magis
679 1365 767 1420 qnam
779 1349 930 1418 delectare,

336 1440 447 1494 Etcum
462 1438 584 1493 sanitate
599 1438 691 1510 magis
705 1455 846 1511 pugnare.

334 1527 380 1582 Sic
393 1526 471 1599 quod
484 1526 608 1581 nimium
622 1530 665 1582 est
679 1528 775 1582 minus
787 1528 874 1583 laudo

246 1615 249 1622 '
336 1617 429 1680 Quam
443 1615 515 1670 illud
533 1633 539 1670 :
556 1632 591 1670 nc
607 1616 677 1686 quid
691 1616 794 1688 nimis;

335 1706 369 1760 Et
383 1704 577 1759 assentientur
590 1705 734 1776 sapientes
748 1705 820 1761 mihi
836 1708 856 1762 ³.

141 1835 212 1905 Nec
232 1831 376 1906 dedecet
388 1808 525 1926 'quihus
544 1839 645 1928 poeta
664 1839 783 1905 utatur
798 1831 913 1905 verbis
935 1838 1059 1905 notare
1076 1837 1205 1923 (μέτριον,

141 1973 308 2058 σωφροσύνη,
331 1977 367 2043 εἰς
389 1972 578 2053 picentinus,
606 1976 700 2060 μέτρια
722 1977 872 2063 δ’ἐξαρκεῖν,
894 1983 968 2069 etc.)
989 1991 1095 2041 :llam
1130 1969 1209 2041 haec

142 2109 222 2175 sunt
244 2101 428 2192 vocabula,
456 2126 536 2177 vere
566 2127 585 2176 e
606 2105 852 2204 philosophico
876 2127 1051 2214 sermone
1065 2108 1206 2192 hausta,

142 2259 221 2331 quae
247 2236 370 2310 eadem
397 2218 588 2333 saepissime
616 2239 707 2312 inter
742 2240 1020 2336 colloquendum
1049 2245 1209 2316 Socrates

143 2379 300 2466 usurpat.

191 2503 293 2574 Haud
322 2525 405 2574 sene
434 2503 612 2600 principes
643 2505 781 2602 solique
812 2507 1022 2593 exstiterunt
1046 2509 1208 2579 Socrates

143 2637 399 2734 Euripidesque
425 2638 485 2735 qui
504 2642 776 2736 temperantiam
803 2650 836 2716 et
856 2642 1136 2716 moderationem
1155 2629 1206 2716 'sic

142 2773 310 2847 laudibus
344 2773 548 2849 extulerint.
579 2779 655 2862 Quo
679 2754 770 2848 nihii
801 2784 921 2851 contra
949 2776 1109 2851 crebrius
1133 2753 1211 2850 fieri

145 2906 233 2981 solet
268 2908 363 3005 apud
386 2911 590 2983 Graecorum
616 2918 746 2985 veteres
767 2911 997 3008 philosophos
1021 2918 1056 2985 et
1070 2917 1203 3008 poetas.

147 3044 234 3114 Nam
255 3042 556 3139 quemadmodum
576 3045 612 3116 in
632 3044 675 3116 iis
695 3045 800 3119 rebus
826 3070 906 3142 quae
926 3046 996 3120 sive
1020 3047 1062 3120 ed
1090 3068 1208 3119 rerum

146 3183 309 3250 naturam
332 3178 403 3251 sive
421 3179 465 3252 ed
489 3188 600 3253 artem
621 3188 791 3276 spectent,
817 3188 965 3272 Ἑλληνικῷ
983 3179 1125 3277 ingenio
1138 3202 1210 3253 non

147 3311 183 3383 id
205 3312 428 3408 potissimum
442 3300 571 3388 ercidet
587 3314 680 3411 quod
694 3301 828 3413 'grande
849 3316 984 3390 videtur
996 3322 1030 3388 et
1044 3314 1209 3404 nimium,

148 3450 208 3522 sed
226 3449 323 3546 quod
352 3447 440 3521 bene
463 3448 698 3545 compositum
728 3457 780 3521 est
808 3455 842 3521 et
868 3447 1004 3544 aliquid
1028 3446 1214 3520 remissum
1320 3421 1323 3427 ⁵

147 3580 253 3653 habet
277 3581 313 3652 in
342 3604 413 3676 quo
440 3582 534 3655 oculi
560 3583 803 3680 acquiescunt3
833 3584 881 3654 ita
909 3581 1084 3679 imprimis
1106 3582 1216 3652 virtus

148 3715 292 3809 ponitur
321 3715 358 3786 in
388 3715 541 3810 quodem
578 3715 688 3788 animi
723 3722 813 3788 statu
846 3722 937 3788 recte
965 3712 1148 3810 compositi
1181 3718 1216 3785 et

149 3847 389 3943 quodcunque
410 3849 642 3923 immodicum
661 3856 694 3922 ct
710 3849 932 3923 inconditum
952 3856 1002 3921 est
1022 3845 1212 3943 repudian-

184 4052 203 4099 ι.
220 4052 287 4102 aar.
302 4069 326 4102 v.
345 4057 453 4104 res-uc.
468 4084 496 4091 -
512 4059 534 4105 r.
551 4056 660 4106 raonis.
677 4070 702 4106 v.
719 4058 763 4106 553
777 4057 803 4105 et
816 4059 870 4108 554.
887 4083 915 4090 -
933 4058 956 4105 o.
976 4055 1050 4118 aspp.
1065 4053 1216 4101 v.ro1·2or.
1235 4024 1242 4042 ‘

151 4130 191 4179 Cr.
205 4131 259 4196 lpt.
275 4134 300 4181 iu
319 4133 376 4183 Aul.
392 4148 415 4182 v.
431 4138 475 4186 en
495 4140 521 4186 ct
535 4151 596 4202 sqq;
614 4137 667 4202 Ipt.
682 4137 709 4186 in
726 4137 800 4186 Taur.
817 4152 841 4184 v.
858 4139 901 4188 iti
920 4139 1032 4201 etsqq.;
1047 4136 1097 4183 etc.
