2706 4718
521 1429 720 1517 uleus
758 1374 830 1519 ul

140 1829 186 1877 Au
219 1830 254 1879 m
284 1830 495 1880 semmurum
518 1800 638 1882 'Aurum
674 1833 778 1882 mmm
812 1832 1021 1882 uummums
1050 1829 1196 1881 rmum-

189 1945 273 1996 ums
301 1947 345 1994 uu
372 1947 536 1995 soeusms
562 1949 797 1998 ummmrmm
823 1949 940 1998 simus
965 1948 1108 2008 Aureum
1132 1945 1197 1995 uu-

190 2046 473 2112 rueueuumuul
1155 2043 1159 2052 '

192 2488 269 2557 Neu
304 2483 385 2556 satis
413 2463 608 2574 'habemus¹
642 2485 690 2557 rei
724 2484 977 2559 confirmandae
1009 2508 1127 2572 ceusu,
1159 2506 1198 2557 ex

145 2619 322 2716 Euripidis
360 2619 536 2714 lragoediis
573 2619 733 2714 quaedum
765 2600 977 2716 edeerpsisse
1012 2642 1091 2715 quae
1120 2638 1198 2689 cum

144 2754 323 2838 Seerulice
343 2754 529 2850 disciplina
550 2734 745 2846 congruere
771 2753 934 2826 videnlur
957 2780 964 2831 :
988 2777 1072 2826 nem
1092 2774 1199 2849 quum

38 2940 40 2945 .
142 2885 234 2957 iuter
277 2887 533 2982 philosophiam
580 2895 614 2959 et
657 2889 790 2984 peusim
826 2887 981 2984 plurima
1022 2887 1197 2973 inlersiul,

144 3025 257 3090 lemen
291 3019 326 3089 in
351 3042 392 3092 eo
422 3027 583 3115 uimque,
606 3021 634 3092 si
655 3044 836 3093 summum
860 3021 1011 3118 gradum
1036 3019 1199 3117 alligerll,

142 3149 298 3224 elaborat
332 3162 385 3233 ul
406 3154 573 3227 humanae
605 3155 817 3246 condilieuis
853 3155 1017 3251 ambages
1053 3138 1198 3250 aperiat,

143 3308 214 3358 una
240 3287 397 3382 quidem,
423 3289 590 3362 adhibilis
616 3287 843 3386 imaginibus,
870 3289 981 3362 ultera
1008 3295 1140 3376 aulem,
1167 3309 1202 3360 re

143 3419 218 3514 ipse
246 3395 385 3516 penitus
417 3433 597 3520 perspecle
624 3432 658 3500 el
689 3423 850 3497 abslrusu
883 3423 1035 3519 quedam
1062 3421 1203 3495 investi-

141 3553 292 3647 gatione.
325 3558 364 3626 lu
392 3557 551 3651 quelibet
579 3557 686 3654 igitur
707 3557 844 3654 puelieu
875 3557 1200 3667 opereuniversum

142 3687 276 3782 aliquid
296 3688 392 3778 latet,
408 3691 503 3763 uude
518 3692 689 3764 moralem
706 3692 895 3787 quemdam
915 3690 1080 3764 ellectum
1092 3689 1200 3762 animi

141 3821 350 3918 percipient.
385 3826 470 3908 Quae
502 3850 612 3921 quum
645 3827 693 3897 ila
723 3833 850 3898 nature
882 3831 1085 3922 comparatu
1116 3823 1198 3912 si'nl,

140 3929 213 4027 nen
232 3955 389 4029 alienum
406 3957 470 4030 eril
485 3959 559 4056 jem
575 3981 645 4032 neu
668 3935 907 4055 purliculelim
924 3957 1010 4053 quid
1027 3957 1070 4029 de
1082 3957 1200 4052 singu-

141 4089 184 4160 lis
200 4091 305 4164 rebus
316 4093 500 4189 Euripides
520 4093 669 4168 senserit
680 4093 847 4166 dixeritve
862 4092 1038 4190 persequi,
1057 4092 1117 4165 sed
1132 4113 1202 4187 que
