2706 4718
633 474 679 486 -
710 440 753 505 rs
781 476 827 485 -
889 403 893 416 i

198 576 314 650 cedit?
336 588 489 669 nam,·ut
504 588 585 655 ante
600 582 766 670 diximus,
786 586 942 657 Socrates
962 585 1223 682 philosophiam
1240 607 1260 657 a

203 721 339 787 naturae
363 718 663 814 contemplatione
684 719 722 790 in
748 728 876 792 terram
903 727 936 792 et
957 721 1058 815 quasi
1077 721 1267 795 hominum

201 847 379 922 domicilia
398 848 588 922 devocavit.
611 850 775 937 Quamvis
791 856 908 922 autem
926 849 1179 947 Aristophanes
1193 874 1266 924 non

199 979 293 1054 idem
309 1005 472 1079 expresse
492 984 528 1055 in
542 987 720 1058 Socratem
735 983 928 1074 retorserit,
947 984 1005 1057 cui
1025 990 1097 1057 non
1117 993 1261 1081 apparet

200 1133 278 1185 eam
306 1138 380 1188 csse
403 1139 520 1190 ueram
540 1141 682 1192 causam
709 1141 774 1191 cur
792 1119 829 1189 in
853 1117 954 1190 illum
981 1117 1154 1191 saeuierit‘t
1176 1117 1268 1201 Qui-

201 1247 345 1344 quidem
365 1250 443 1324 ideo
463 1253 659 1348 pracsertim
684 1257 865 1325 succenset
890 1250 985 1346 quod
1011 1249 1266 1346 philosophum

90 1451 93 1458 .
196 1381 294 1477 juvet
314 1383 349 1454 in
370 1384 473 1458 rebus
489 1385 619 1458 versari
640 1408 718 1481 quae
736 1386 829 1459 adse
850 1406 919 1456 non
937 1384 1127 1480 pertinent,
1150 1407 1263 1480 quum

158 1581 169 1610 ,
200 1517 292 1590 inter
312 1541 375 1590 sua
393 1518 518 1590 nubila
538 1517 751 1593 commorari
768 1516 944 1591 debuerit.
966 1520 1037 1590 Nec
1057 1517 1131 1589 vuit
1151 1517 1264 1613 quid-

202 1673 309 1744 quam
329 1651 427 1725 atiud
442 1675 483 1724 ex
502 1647 642 1724 Socrate
664 1621 797 1724 discere
818 1649 1048 1745 Strepsiades,
1071 1648 1139 1722 nisi
1159 1673 1263 1745 ergu-

109 1804 118 1873 f
201 1767 558 1903 menta'xratiuncuiis
586 1787 779 1862 refellendo
808 1809 949 1860 censam
978 1787 1115 1860 vincere
1141 1793 1175 1860 et
1196 1809 1266 1858 aare

200 1919 317 1992 alieno
336 1920 463 1993 exsolui
478 1929 500 1993 1.
517 1920 661 1993 Omissis
674 1919 886 2016 quibusdam
903 1921 1030 2016 ineptis
1044 1921 1087 1994 de
1101 1920 1266 2016 rhythmo

203 2053 253 2125 rel
272 2053 405 2124 merulo
418 2033 734 2149 'disputatiunculis
754 2078 833 2150 qnae
853 2060 992 2127 tanturn
1011 2054 1101 2126 risus
1120 2054 1271 2126 audien-

202 2184 289 2256 tiunr
319 2191 470 2282 captent,
499 2187 656 2258 Socratos
681 2185 718 2257 in
750 2186 925 2276 Nubibus,
960 2187 1045 2259 dum
1085 2185 1191 2282 agitat
1226 2186 1269 2258 de

196 2320 292 2414 justo
307 2314 521 2417 injustoq‘ue,
543 2326 577 2394 et
600 2342 641 2393 ea
661 2321 882 2416 rationeque
901 2321 1069 2417 injustam
1086 2319 1188 2424 litem
1206 2318 1268 2393 aa

200 2453 387 2542 tineamus,
405 2477 539 2528 ¹revere
564 2454 600 2526 in
626 2453 754 2528 iisdem
778 2453 882 2528 rebus
914 2460 1069 2528 versatur
1095 2453 1266 2526 advitam

201 2611 427 2663 communem
456 2588 727 2686 pertinentibus,
760 2591 802 2663 de
834 2588 963 2685 quibus
997 2587 1033 2659 in
1058 2563 1266 2664 alterutram

200 2732 337 2820 partem
356 2751 515 2823 perseum
537 2726 713 2823 Euripidis
736 2726 914 2822 disputare
934 2724 1060 2799 solent.

182 2864 185 2869 ’
252 2861 337 2932 inde
356 2861 395 2931 fit
415 2869 452 2932 ut
472 2861 634 2934 eamdem
653 2860 689 2931 in
707 2866 898 2956 utrumque
915 2858 1035 2933 tulerit
1049 2859 1263 2932 sententiam

202 2995 454 3091 Aristophanes
483 3020 490 3066 :
518 3018 601 3068 nam
630 2995 835 3091 Euripidem
863 2994 937 3090 qui,
971 3015 1085 3066 mores
1117 2991 1264 3066 civitatis

201 3128 372 3218 vexando,
395 3130 590 3227 pessimum
617 3131 728 3203 civem
750 3129 874 3225 egerit,
896 3111 1166 3225 capite'damuat
1184 3122 1210 3216 ²,
1235 3135 1270 3200 et

203 3267 385 3339 Socratem·
418 3264 662 3362 sophistasque
700 3288 781 3337 cum
813 3287 911 3337 novae
947 3263 1103 3336 scientim
1127 3261 1269 3336 instru-

198 3401 330 3472 mentis
358 3404 392 3473 et
415 3421 478 3471 suo
505 3405 696 3490 perempta
724 3397 985 3473 comburendos
1009 3419 1083 3470 esse
1107 3420 1268 3491 pronun-

203 3531 264 3604 tiat
281 3533 305 3604 ³.
337 3533 428 3617 Quin
454 3534 561 3606 etiam
592 3536 679 3608 adeo
707 3533 809 3606 tacite
836 3554 877 3604 ex
904 3531 1015 3605 altero
1043 3529 1079 3601 in
1112 3528 1267 3602 alterum

204 3647 454 3744 Aristophanes
472 3649 635 3722 transfert
649 3650 836 3745 impetum,
857 3652 893 3717 ut
909 3647 1019 3743 ipsius
1034 3643 1165 3718 fabuiae
1184 3669 1266 3740 quae

202 3788 273 3853 tota
291 3788 342 3853 est
360 3782 392 3853 in
409 3781 575 3878 Euripide
590 3781 795 3893 lacessendo
815 3767 974 3852 clausule
987 3761 1136 3874 abrupte
1150 3777 1185 3848 in
1203 3779 1267 3850 So-

180 4067 182 4071 >
236 4111 258 4154 t.
277 4103 342 4152 Nat).
358 4117 382 4151 v.
399 4104 443 4151 239
454 4105 479 4150 et
493 4116 549 4164 sqq.
571 4127 598 4137 -
616 4104 637 4150 ἰ).
656 4102 716 4148 aava.
733 4113 755 4146 v<
771 4100 824 4146 951.
840 4119 872 4132 „-
886 4101 908 4146 a.
925 4100 990 4148 Nub.
1003 4114 1028 4148 v.
1044 4101 1103 4148 1485
1118 4102 1145 4148 et
1159 4113 1217 4162 sqq.
1300 4136 1304 4147 .
