2706 4718
582 445 626 455 -
656 411 699 476 ur
729 435 778 457 ->

141 564 206 642 tra,
232 554 293 649 qui
324 577 436 650 pauca
467 556 678 650 posideant,
711 554 908 651 siquidem
944 553 993 625 rei
1026 554 1201 627 familiaris

141 689 430 762 administrando
469 691 569 786 periti
609 692 698 784 sint,
725 702 761 767 εἰς
775 697 834 766 τοὺς
847 697 986 765 πλουσίους
1019 689 1089 761 sint
1122 690 1202 783 res-

145 822 285 896 rcudi¹.
313 825 390 907 Quo
417 824 561 917 quidem
578 848 662 896 usus
689 823 876 897 uerborum
902 824 1067 912 circuitu,
1090 845 1200 897 nonne

144 963 178 1028 et
194 959 351 1028 Socrates
369 956 520 1028 medium
538 956 629 1030 iliud
649 981 767 1064 revera
793 959 988 1048 constituit,
1013 981 1083 1055 quo
1110 957 1203 1030 Aris-

88 1157 90 1160 <
146 1090 281 1179 toteles,
308 1090 505 1176 secundum
537 1061 763 1190 Euripidem,⁸
791 1093 964 1165 civitatem
996 1101 1089 1166 stare
1113 1092 1203 1164 affir-

147 1228 243 1296 mat?

193 1357 298 1432 Nulla
317 1381 398 1431 vero
426 1359 628 1455 conjectura
652 1366 812 1454 opusest
834 1366 872 1430 ut
891 1360 934 1454 de
953 1359 1023 1433 alia
1052 1382 1103 1449 re,
1130 1383 1201 1455 qure

52 1582 55 1589 .
85 1518 86 1521 ¹
145 1493 189 1565 ad
209 1492 384 1565 civitatem
405 1491 779 1594 maximc'pertinebat,
802 1493 934 1566 scilicet
955 1495 998 1567 de
1017 1493 1203 1590 mancipio-

147 1652 225 1700 rum
245 1627 368 1722 habitu
387 1634 421 1701 et
431 1628 837 1723 conditione,Euripides
860 1651 942 1700 cum
963 1631 1105 1722 Socrate
1122 1651 1204 1703 con-

147 1761 292 1835 feratur.

108 1889 109 1892 ’
193 1899 271 1968 Non
293 1919 376 1968 sane
399 1896 647 1968 contendimus
676 1897 854 1968 Socratem
884 1905 1039 1969 veterum
1065 1897 1203 1994 opinio-

145 2037 227 2101 nem
245 2052 286 2102 eo
305 2028 479 2126 praeivisse
499 2009 742 2116 ut,Senecam
755 2028 872 2125 ipsum
888 2014 1122 2125 antegressus,
1136 2029 1201 2103 ho-

145 2165 258 2238 mines
287 2165 381 2237 inter
409 2187 445 2236 se
472 2171 598 2236 natura
630 2187 750 2260 aequos
776 2188 850 2238 esse
879 2166 984 2240 suerit
1017 2167 1201 2263 professus.

145 2301 261 2383 Quum
280 2320 360 2371 vero
383 2297 520 2394 primus
542 2319 683 2394 prauam
703 2297 921 2393 opinionem,
943 2321 1014 2395 qua
1028 2298 1204 2373 fabrorum

145 2426 340 2508 ministeria
376 2432 519 2529 publico
557 2433 708 2529 quodam
743 2440 948 2529 contemptu
985 2431 1203 2532 dehonestari

40 2550 41 2553 ¹
145 2567 317 2656 solebant,
340 2576 502 2641 excutere
521 2565 738 2655 sustinuerit,
762 2567 857 2640 idem
877 2568 1201 2665 videlicotiniquam

66 2700 69 2707 ’
144 2704 243 2778 illam
264 2701 503 2778 conditionem
523 2709 556 2774 et
576 2701 811 2774 diversitatem
835 2725 913 2798 quae
936 2726 978 2776 ex
999 2702 1130 2775 divitiis
1153 2699 1202 2774 vel

144 2845 236 2911 sorte
256 2836 422 2910 nascendi
442 2835 554 2908 oritur
567 2857 691 2930 parum
705 2835 852 2908 curavit.
866 2816 988 2909 Servos
1002 2845 1121 2910 autem
1141 2836 1205 2907 mi-

131 2967 213 3044 tius
232 2993 308 3044 esse
326 2968 510 3042 habendus
526 2967 727 3058 arbitratur,
746 2985 810 3065 pro
830 2969 1037 3043 horninibus
1051 2994 1120 3043 non
1143 2991 1203 3066 pro

142 3106 324 3203 jumentis.
339 3104 430 3179 Vide
448 3103 544 3176 enim
563 3125 632 3199 qua
651 3104 785 3176 rationo
807 3111 924 3177 utatur
940 3105 1201 3193 Ischomachus,

147 3249 183 3312 ut
205 3208 376 3329 famulam
402 3236 512 3332 ipsius
540 3237 589 3308 rei
619 3237 783 3310 familiari
811 3237 901 3312 bene
922 3211 1106 3314 consulere
1124 3242 1205 3314 edo-

144 3368 246 3450 ceat:
278 3408 292 3442 u
312 3377 397 3447 Earn
422 3380 460 3444 ut
485 3373 650 3445 benevolo
673 3382 762 3446 esset
782 3397 865 3470 erga
886 3397 948 3447 nos
968 3375 1087 3458 animo
1114 3396 1205 3446 con-

143 3505 423 3579 suefaciebamus
444 3502 739 3576 communicando
760 3528 842 3576 cum
868 3529 910 3601 ea
938 3505 1097 3579 laetitiam
1119 3529 1204 3578 nos-

144 3653 250 3733 tram,
283 3643 418 3739 quoties
445 3640 515 3712 laeti
544 3662 700 3714 essemus
733 3666 741 3712 :
781 3663 821 3714 ac
855 3642 1023 3733 vicissim,
1060 3643 1087 3716 si
1121 3642 1205 3740 quid

141 3777 324 3860 accidisset
347 3777 456 3872 triste,
481 3774 525 3848 ad
545 3775 614 3848 hoc
635 3799 777 3872 quoque
798 3777 895 3852 illam
923 3781 1126 3856 advocandu
1140 3780 1164 3855 ².
1183 3811 1197 3848 »

173 4080 196 4125 r.
214 4078 288 4125 nem.
300 4076 317 4124 r.
332 4076 372 4124 ru.
389 4088 402 4122 e
430 4088 456 4122 u.
472 4074 508 4122 cr.
523 4072 574 4122 oro.
591 4035 685 4122 nitran.
699 4073 744 4124 vr.
763 4101 786 4112 -
803 4078 826 4126 n.
844 4076 978 4126 mconom.
998 4062 1021 4124 ος
1037 4077 1079 4126 rx.
