2706 4718
656 410 849 476 ..1ss-

218 553 398 626 scientiam
424 577 581 628 omnem
627 555 793 628 radicitus
829 552 959 626 evellit.
992 555 1085 624 Dum
1116 551 1213 624 enim
1244 551 1280 622 id

217 687 351 761 tollunt
378 688 449 784 quo
477 712 530 761 res
549 690 708 785 judicari
734 692 880 787 possint,
903 689 1039 761 nullam
1064 690 1137 784 Jam
1165 709 1281 782 neque

218 821 287 894 reri
321 815 436 917 neque
462 821 553 913 lalsi,
577 847 692 919 neque
722 823 805 897 boni
836 846 951 919 neque
983 821 1065 894 mali
1098 821 1281 894 notionem

173 977 178 986 ·
219 954 365 1046 hahent,
397 958 552 1042 «nteit
576 958 725 1048 Tullius,
748 958 875 1054 siquis
899 980 1005 1054 quem
1029 956 1140 1030 oculis
1160 956 1281 1053 priva-

220 1089 319 1179 verit,
346 1089 450 1176 dioat,
483 1113 525 1164 ea
552 1115 632 1186 quae
658 1092 755 1164 cerni
787 1098 943 1188 possent,
969 1114 1041 1165 non
1068 1114 1105 1164 se
1134 1091 1166 1164 ei
1193 1091 1281 1164 ade-

220 1225 325 1298 misse
349 1225 374 1298 1.
398 1253 413 1291 o
452 1226 594 1297 Certum
621 1232 672 1298 est
697 1230 833 1315 contra,
862 1223 1009 1298 sublatis
1033 1223 1088 1296 his
1114 1219 1280 1296 omnibus

188 1391 190 1395 ·
221 1358 320 1454 qnasi
336 1357 576 1430 fundamentis
598 1357 726 1454 quibus
747 1357 884 1430 virtutis
903 1379 1116 1454 morumque
1135 1355 1281 1428 scientia

117 1536 134 1550 κ
220 1483 398 1582 innititur,
422 1492 512 1564 nihil
529 1475 606 1588 jam¹
624 1514 819 1589 superesse,
845 1516 916 1589 quo
935 1515 1058 1566 verum
1087 1490 1153 1564 sibi
1175 1479 1280 1563 attin-

219 1647 301 1722 gere
316 1625 512 1716 videantur,
530 1626 597 1699 nisi
618 1625 829 1699 mutabilem
848 1633 882 1700 et
905 1627 1011 1699 aliam
1032 1625 1183 1700 aliorum
1206 1625 1281 1721 opi-

219 1758 413 1848 nationem,
441 1782 523 1854 quae
548 1759 620 1832 huc
653 1758 740 1850 illuc
771 1757 981 1854 impellitur,
1012 1764 1144 1831 temere
1177 1754 1280 1830 rebus

220 1893 380 1982 assentit,
408 1893 605 1989 eademque
640 1893 763 1966 eodem
796 1893 869 1967 lere
901 1893 1070 1991 temporis
1099 1897 1280 1967 momento

222 2029 396 2126 repudiat.
435 2032 579 2103 Certum
616 2030 721 2103 etiam
763 2029 849 2103 hinc
888 2031 1092 2104 facultatem
1132 2029 1280 2106 oratoris

222 2165 413 2263 quamdam
434 2164 509 2238 lieri
535 2170 645 2239 artem
677 2164 844 2259 utrinque
871 2166 1025 2256 dicendi,
1048 2191 1127 2263 quae
1146 2188 1188 2240 eo
1207 2144 1282 2239 tan!

220 2305 296 2371 turn
334 2305 464 2396 spectet
499 2307 538 2372 ut
566 2322 722 2390 causam,
750 2298 1021 2396 qualiscumque
1048 2301 1167 2390 luerit,
1192 2299 1282 2374 ohti-

221 2441 322 2525 neat3
346 2443 383 2509 ut
401 2435 623 2510 audientium
647 2437 754 2510 tidem
774 2435 962 2510 vorborum
980 2437 1206 2533 jucunditate
1227 2438 1282 2536 vel

221 2567 446 2644 simulatione
479 2572 550 2645 veri
582 2572 681 2668 quasi
713 2570 848 2667 laqueis
880 2572 1035 2660 irretiat;
1071 2572 1225 2668 denique
1245 2560 1282 2645 ut

221 2704 354 2800 aperiat
373 2704 464 2776 riam
484 2728 553 2799 qua
566 2705 610 2778 ad
630 2712 805 2801 quaestum
825 2712 859 2779 et
876 2705 1024 2780 honores
1043 2706 1278 2803 perveniatur.

271 2841 346 2912 Hoc
364 2860 439 2912 esse
456 2839 657 2935 sophisticae
674 2840 757 2913 artis
776 2840 961 2938 proprium
981 2863 1084 2915 nemo
1104 2863 1175 2914 non
1193 2863 1284 2914 con-

223 2970 390 3062 litebitur,
412 2972 480 3045 nisi
501 2972 561 3069 qui
581 2972 624 3045 sit
649 2975 724 3070 ipse
752 2974 919 3071 sophista.
943 2977 1014 3048 Nec
1033 2975 1120 3048 tides
1138 2975 1282 3070 quidem
1315 3001 1317 3007 ·

221 3103 424 3178 adhibenda
451 3104 559 3201 hujus
585 3107 696 3178 aetatis
722 3106 951 3204 scriptoribus
978 3109 1052 3204 qui,
1083 3109 1169 3182 dum
1195 3130 1284 3182 nova

223 3246 446 3337 aucupantur
473 3240 583 3337 magis
610 3264 716 3337 quam
738 3265 830 3349 vera,
854 3244 1031 3316 Socratem
1052 3250 1086 3316 et
1111 3243 1283 3340 sophistas

222 3375 433 3473 profitentur
457 3375 594 3448 tantulo
614 3375 819 3450 discrimine
837 3376 990 3472 separari
1010 3377 1122 3450 utrix
1143 3376 1284 3477 agnos-ci

148 3501 177 3591 ,¹
222 3506 330 3604 possit
351 3533 359 3580 ε
382 3531 423 3582 ex
443 3530 513 3604 quo
534 3509 622 3581 salso
647 3509 868 3583 concludunt
889 3532 968 3604 queo
989 3509 1123 3583 Socrati
1143 3509 1284 3583 easdem

180 3615 182 3626 ‚
221 3641 385 3739 sophistis
405 3641 526 3716 laudes
546 3642 714 3737 assignari
740 3641 882 3716 debere.
906 3643 1036 3715 Contra
1056 3665 1167 3739 quum
1190 3644 1218 3716 is
1241 3644 1284 3717 sit

220 3772 418 3870 sophisticae
439 3777 523 3851 artis
546 3801 629 3850 usus
649 3783 683 3850 et
702 3777 783 3850 tinis
811 3798 916 3872 quem
944 3777 1066 3874 paucis
1097 3777 1284 3877 explicavi-

254 4097 276 4143 l.
293 4091 372 4141 trud.
385 4091 403 4140 l.
418 4092 450 4149 ll,
466 4105 489 4138 c.
503 4105 526 4140 x.
543 4079 551 4093 ⁴
