2706 4718
516 469 520 474 ·
583 490 628 503 -
658 454 701 523 te
729 491 775 503 -

143 592 314 722 appellari
344 595 499 671 debeat:
527 622 644 672 ueram
663 599 742 673 ideo
774 599 1013 696 eloquentiam
1045 602 1130 690 eniti
1165 610 1205 678 ut

141 727 258 800 vincat
270 730 418 825 justitia,
438 755 590 826 quacum
605 733 648 805 sit
662 734 964 830 conjunctissima,
979 742 1084 832 atque
1096 736 1202 810 etiam

141 869 180 934 ut
205 862 368 937 homines
395 865 523 938 melius
551 866 618 939 sint
645 867 785 941 morati.
812 871 887 942 Hoc
912 892 1026 942 unum
1040 869 1201 961 interest,
1308 899 1314 914 ·

142 995 236 1091 quod
262 997 445 1094 Euripides
464 1023 536 1074 non
558 1001 650 1074 ultra
667 1007 787 1076 votum
814 1003 1050 1099 progreditur,
1082 1006 1203 1078 Socra·

145 1136 197 1204 tes
221 1140 338 1207 autem
361 1158 452 1217 rem,
482 1144 520 1209 ut
542 1137 694 1211 maxime
719 1138 907 1236 perspicua
936 1139 993 1229 sit,
1025 1138 1205 1212 dialectice

147 1271 424 1363 argumentando
456 1272 691 1368 persequitur.
725 1275 880 1371 Uterque
913 1295 995 1346 vero
1029 1280 1204 1347 oratorem

147 1399 327 1474 concludit
344 1403 459 1476 virum
479 1403 614 1477 bonum
630 1427 704 1479 esse
720 1402 860 1479 dicendi
876 1404 1043 1502 peritum.

196 1526 358 1628 Proinde,
387 1537 483 1636 quod
513 1539 670 1642 Socrates
693 1536 880 1635 significat,
912 1537 999 1612 dum
1031 1535 1207 1610 subtiliter
1263 1546 1266 1551 “

145 1690 227 1740 cum
247 1670 374 1767 Gorgia
391 1678 426 1745 et
445 1672 529 1746 Polo
545 1672 769 1769 digladiatur,
797 1671 1054 1767 mentitamque
1087 1672 1205 1745 rheto-

147 1803 255 1875 ricam
281 1805 496 1900 coquinaria
521 1805 586 1878 arti
610 1812 784 1902 exaequat,
811 1827 931 1879 nonne
948 1804 1044 1879 idem
1059 1804 1206 1900 Euripi-

145 1935 205 2010 des
230 1960 370 2034 quoque
390 1939 588 2036 exprimit?

216 2125 445 2197 Haudquaquam
460 2127 576 2182 auribus
587 2126 715 2198 jucunda
730 2130 843 2199 oportet
857 2126 960 2197 dicere,

218 2215 272 2271 Sed
287 2215 334 2288 (id)
354 2232 389 2271 ex
400 2232 457 2289 quo
473 2217 537 2288 quis
551 2217 628 2305 tama
646 2217 738 2272 clarus
752 2217 854 2273 eradat
875 2220 896 2273 ¹.

194 2397 307 2479 Quam
335 2395 481 2491 quidem
500 2404 612 2470 artem
639 2394 843 2493 reipublicae
869 2391 1109 2491 gravissimam
1127 2413 1202 2465 esse

144 2537 290 2625 pestem,
313 2537 352 2603 ut
366 2531 644 2628 argumentando
663 2530 787 2628 probat
806 2532 977 2616 Socrates,
994 2525 1042 2599 ita
1055 2526 1202 2623 Euripi·
1224 2556 1229 2566 ·

143 2664 203 2738 des
223 2664 424 2739 firmissime
439 2672 613 2740 asseverat
631 2691 639 2738 :

213 2854 272 2911 lloc
285 2855 380 2928 ipsum
394 2861 447 2925 est,
465 2857 543 2929 quod
557 2856 722 2913 mortalium
736 2854 862 2911 civitates
876 2855 949 2912 benc
964 2853 1133 2910 constitutas

213 2945 376 3018 Domosque
390 2947 502 3016 euertit,
515 2947 628 3019 pulchri
642 2947 727 3002 nimis
746 2962 892 3001 sermones
908 2949 929 3004 ².

141 3131 247 3222 atque
265 3128 368 3202 etiam
389 3152 397 3200 :

213 3315 332 3386 Regina,
348 3312 483 3370 auxiliare
502 3313 559 3368 tuis
577 3313 674 3368 liberis
693 3315 722 3366 et
735 3311 846 3383 patriae,

212 3406 307 3477 Hujus
321 3404 483 3460 facundiam
495 3421 598 3460 ranam
611 3403 728 3469 taciens,
747 3402 771 3456 si
785 3399 903 3472 quidem
918 3397 987 3453 dicit

211 3494 358 3561 Praeclare,
375 3509 464 3564 quum
480 3493 516 3548 sit
530 3490 659 3547 malefica
675 3506 681 3544 :
697 3488 727 3544 id
741 3493 838 3544 autem
855 3485 989 3542 acerbum
1004 3485 1047 3538 est
1062 3491 1083 3538 ³.

187 3674 358 3747 Vetamur
383 3694 404 3744 a
433 3671 575 3746 Platone
592 3671 738 3768 ejusque
757 3665 924 3764 magistro
955 3683 1001 3735 ne
1018 3682 1072 3735 res
1091 3659 1197 3734 inho·

141 3811 257 3878 nestas
283 3802 469 3878 verborum
491 3804 589 3878 cultu
609 3810 642 3877 et
662 3790 849 3898 splendore
867 3799 917 3872 ita
931 3795 1198 3871 decoremusut

176 4112 197 4159 l.
211 4109 285 4174 tttpp.
301 4122 325 4157 v.
342 4110 386 4158 l88
400 4110 427 4157 et
438 4110 528 4158 l89.-
540 4110 563 4158 Ξ.
580 4108 653 4171 llr'pp.
666 4119 691 4156 t'.
706 4107 751 4155 tao
763 4108 789 4155 et
803 4108 857 4156 tat.
870 4133 898 4144 -
912 4108 936 4157 3.
950 4103 1039 4157 Troud.
1051 4119 1076 4156 v.
1087 4107 1203 4159 otto-969.
