2706 4718
595 428 786 494 „61-

158 576 376 673 argumentis
394 574 555 647 innititur
574 575 678 671 plane
697 574 821 646 iisdem
841 572 970 668 quibus
990 568 1081 666 apud
1104 573 1222 642 Xeno-

158 711 330 807 phontem
350 706 542 782 Socrates¹.
558 707 643 779 Tria
655 706 750 779 eninr
771 705 926 779 Theseus
948 704 1122 800 proponit.
1141 703 1220 774 Pri-

158 866 231 934 mo‚
260 842 389 938 inquit,
421 839 523 913 nobis
547 842 638 920 Deus
658 843 826 926 mentem,
859 861 927 933 qua
948 858 1002 909 res
1023 836 1219 930 intelligere

157 977 346 1074 possimus,
367 973 527 1047 attribuit
549 980 638 1061 (ἐνθεὶς
652 978 781 1059 σύνεσιν).
809 971 900 1055 Quid
919 978 1036 1043 autem
1060 971 1217 1043 Socrates

157 1115 242 1188 dum
263 1115 478 1210 colloquitur
504 1136 587 1186 cum
614 1111 835 1207 Euthydemo
866 1110 1054 1208 profitente
1073 1110 1214 1206 quidem

157 1247 319 1320 dcosalia
336 1247 503 1344 quapiam
523 1269 559 1318 re
579 1254 779 1341 occupatos,
803 1243 992 1316 hominum
1021 1243 1216 1317 commodis

156 1405 227 1455 non
257 1383 458 1480 inservire:
499 1412 514 1448 u
534 1383 720 1455 Rationem
749 1378 852 1453 nobis
887 1385 1138 1452 concesserunt
1167 1376 1215 1451 dii
1261 1421 1264 1425 >

158 1525 291 1606 (λογισμὸν
303 1531 366 1604 ἡμῖν
380 1523 507 1609 ἐμφῦσαι)
529 1515 658 1611 quade
679 1514 720 1586 iis
735 1536 814 1609 quae
834 1510 900 1584 sub
921 1533 1044 1584 sensus
1060 1509 1217 1605 subjecta

155 1657 236 1720 sunt
255 1650 496 1722 ratiocinando
516 1654 549 1721 et
580 1648 841 1731 reminiscendo
861 1647 1044 1735 discimus,
1073 1647 1115 1720 ad
1137 1671 1216 1743 quar
1237 1651 1244 1667 ⁵

156 1782 293 1880 singula
312 1783 525 1870 conducant,
543 1780 726 1875 multaque
747 1779 916 1852 molimur
933 1802 996 1875 per
1017 1802 1096 1874 que
1115 1777 1216 1853 bonis

155 1917 316 1991 truamur
330 1928 363 1993 et
378 1919 469 1992 mala
491 1917 750 2014 depellamus.»
775 1922 906 1991 lterum
919 1917 1100 1990 Theseus:
1122 1920 1215 1991 Deus

154 2049 312 2145 linguam
333 2050 434 2124 nohis
455 2052 549 2126 dedit
564 2052 752 2126 verborum
770 2053 932 2124 nuntiam
950 2058 1074 2140 (ἄγγελον
1087 2061 1214 2140 γλῶσσαν
1275 2133 1284 2148 “

149 2190 330 2274 11111111),
350 2209 419 2283 qna
438 2209 600 2282 promere
624 2188 802 2284 loquendo
830 2209 1011 2284 possemus
1030 2210 1111 2281 qnae
1130 2210 1213 2259 con-

149 2316 361 2412 cepissemus
376 2327 506 2393 mente.
529 2321 622 2405 Quid
642 2324 825 2394 Socrates?
851 2350 866 2386 u
885 2318 1083 2413 Eloquendi
1109 2320 1211 2393 nobis

151 2449 350 2525 facultatem
378 2453 492 2549 largiti
520 2461 602 2528 sunt
628 2456 676 2528 dii
706 2458 986 2545 (ερμηνείανδοῦναι),
1017 2477 1210 2551 perquam

146 2585 294 2659 invicem
309 2591 429 2663 omnia
439 2591 530 2664 bona
543 2592 869 2667 internosdocendo
881 2592 1205 2679 communicamus,

146 2728 179 2794 et
193 2720 455 2818 legeslerimns‚
466 2725 763 2822 etrempublicarn
778 2727 1103 2801 administramus.»
1124 2724 1209 2810 Qui·
1226 2743 1230 2747 ’

146 2863 210 2936 bus
229 2867 417 2961 propositis
436 2867 590 2940 Theseus
611 2866 754 2963 subjicit
775 2894 783 2942 :
810 2897 831 2934 -u
849 2872 936 2955 Qum
955 2876 1037 2943 sunt
1060 2867 1211 2943 obscura

147 3008 174 3087 (1
196 3007 278 3068 e’tcr'
298 3010 416 3093 ἄσημα),
446 3025 512 3076 nec
528 3002 610 3075 satis
630 3001 786 3076 dilucide
809 3005 984 3094 norimus,
1016 3005 1132 3101 ignem
1155 3006 1208 3077 in·

143 3133 324 3229 spiciendo
338 3134 393 3209 rel
408 3143 485 3210 exta
505 3136 554 3208 rel
574 3135 722 3220 volatus,
746 3143 838 3210 uates
860 3146 1079 3235 promouent
1092 3135 1210 3226 (pterea

142 3277 373 3360 apocrisarium),
395 3300 409 3337 n
434 3271 529 3343 unde
548 3271 728 3346 concludit
753 3299 761 3345 ζ

144 3441 244 3495 Nonne
262 3441 351 3513 igitur
370 3441 552 3514 superbiores
572 3459 682 3512 sumus,
701 3460 791 3516 quum
811 3443 881 3499 deus
901 3446 1072 3516 apparatum
1092 3442 1157 3498 rita

142 3530 256 3588 [ledorit
270 3532 368 3599 talem,
385 3531 457 3651 (pos)
474 3532 578 3603 quibus
592 3534 652 3588 haec
665 3550 724 3588 non
738 3533 902 3589 sufficiant¹
916 3533 930 3588 ‘l

141 3676 310 3772 idemque
330 3679 488 3751 Socrates
514 3703 522 3751 :
556 3709 571 3745 u
590 3682 707 3765 Quum
735 3678 838 3753 nobis
866 3680 903 3752 in
926 3681 1086 3754 iuturum
1108 3681 1208 3754 utilia

141 3811 343 3908 prospicere
362 3835 435 3886 non
454 3813 643 3910 possimus,
663 3815 710 3887 ita
725 3815 921 3912 nosjurant
940 3814 988 3888 dii
1009 3822 1046 3886 ut
1065 3835 1130 3910 per
1149 3813 1208 3886 di-

190 3987 211 4033 t.
225 3983 257 4034 Ct
269 3981 358 4048 Suppt.
371 3998 395 4031 u.
411 3985 494 4033 19511
509 3997 566 4047 sqq.
581 3987 607 4033 et
619 3985 693 4034 Mem.
708 3985 731 4034 lr
741 3986 783 4040 tv,
798 4000 820 4036 r.
832 4001 857 4035 111
873 3988 898 4035 et
912 3986 929 4036 l.
941 3986 961 4045 t,
973 4000 996 4033 c.
1010 3985 1112 4034 11.-1.
1123 3983 1151 4033 V,
1162 3985 1207 4032 att

144 4065 239 4113 11115.
