2706 4718
501 1297 698 1386 CAPUT
740 1297 825 1382 VII

134 1592 253 1642 usnuu
282 1591 520 1662 PROPEMODUM
550 1590 861 1641 CRiMlNATIONlBUS
888 1588 1069 1640 SOGRATEM
1096 1586 1196 1636 EURI-

209 1708 398 1768 PiDEMQUE-
413 1708 506 1757 APUD
531 1707 802 1757 ARISTOPHANEM
829 1707 912 1756 ESSE
938 1704 1120 1755 OBNOXIOS.

178 2059 253 2125 tam
276 2054 380 2150 ptura
395 2053 548 2126 diximus
564 2074 670 2148 quam
690 2059 727 2123 ut
747 2051 866 2147 negari
886 2053 994 2148 possit
1015 2052 1193 2147 Euripidis

131 2188 316 2282 tragoedias
336 2186 503 2259 nonnihil
520 2209 599 2260 vere
619 2185 836 2259 Socraticum
857 2185 1028 2260 redolere.
1053 2189 1123 2258 Nec
1144 2193 1195 2258 ta-

131 2337 211 2387 men
241 2313 388 2386 omnino
417 2312 654 2385 omittendum
681 2335 866 2385 censemus
891 2314 1042 2386 alterum
1076 2314 1195 2408 quod-

130 2448 212 2520 dam
231 2445 429 2542 argumenti
448 2468 573 2541 genus,
594 2446 702 2541 quod,
722 2446 803 2519 licet
822 2455 1043 2535 extraneum,
1059 2447 1194 2521 adrem

129 2581 303 2677 pertinere
332 2579 434 2653 nobis
461 2580 612 2653 videtur.
645 2579 774 2652 Odium
804 2578 883 2652 dico
915 2603 1017 2676 paeno
1041 2581 1193 2677 capitale

129 2715 225 2810 quod
245 2716 305 2787 ilie
326 2713 482 2788 comicus
506 2720 622 2811 poeta,
645 2715 741 2786 omni
765 2737 883 2787 rerum
906 2716 1051 2788 novitati
1069 2717 1196 2789 inimi-

125 2848 304 2940 cissimus,
327 2847 593 2943 Aristophanes,
610 2848 647 2919 in
662 2851 839 2922 Socratem
866 2856 973 2945 atque
990 2841 1195 2948 Euripidem

129 2985 298 3057 exercuit.
320 2981 487 3055 Crebrius
504 2983 648 3079 quidem
670 2982 706 3054 in
729 2983 936 3078 Euripidem
954 2954 1077 3068 saeviit,
1095 2986 1196 3081 cujus

128 3117 262 3189 nomini
283 3116 356 3189 iere
386 3115 421 3186 in
451 3117 547 3190 omni
570 3115 691 3190 fabula
710 3116 940 3211 turpitudinis
960 3114 1115 3210 aliquam
1131 3134 1197 3186 no-

129 3254 358 3339 taminussit3
387 3275 503 3327 revera
523 3261 657 3343 autern,
685 3254 843 3350 quamvis
865 3251 1121 3348 propemodum
1142 3271 1196 3324 se-

130 3387 212 3475 mel,
227 3390 406 3460 Socratem
419 3409 492 3462 non
507 3389 626 3461 minus
641 3387 805 3460 atrociter
815 3383 1010 3481 exagitavit,
1034 3404 1140 3478 quem
1157 3389 1194 3453 ut

128 3521 290 3594 maximis
304 3519 497 3596 sceleribus
510 3523 730 3611 adstrictum,
746 3489 1005 3615 itugravissimo
1020 3515 1195 3614 supplicio

132 3656 278 3752 dignum
303 3655 524 3752 judicaverit.
559 3659 734 3743 Quoniam
761 3678 843 3729 vero
870 3654 929 3727 ille
953 3676 973 3726 a
997 3675 1033 3725 se
1061 3649 1193 3725 Socrati

132 3782 244 3856 illatas
256 3781 521 3877 criminationes
536 3784 571 3854 in
583 3782 759 3868 Nubibus,
776 3778 935 3876 Euripidi
944 3777 980 3850 in
989 3777 1195 3869 Roriiscun-

14 3967 20 3978 .
133 3909 250 3994 traxit,
273 3915 459 4002 utramque
486 3907 643 3981 fabulam
663 3928 919 4003 componamus
942 3912 977 3974 ut
1001 3901 1084 3975 inde
1102 3923 1194 3975 con-

133 4045 308 4119 firmetur.
337 4041 476 4134 omissis
505 4041 714 4117 criminibus
741 4063 822 4137 quaa
846 4063 941 4112 nunc
964 4038 1006 4111 ud
1038 4037 1194 4132 phitoso-
