2706 4718
636 484 683 495 -
710 448 754 515 82
783 486 830 497 .-

203 592 459 665 exactissimam
472 615 589 664 rerum
605 592 795 687 imaginem
808 592 937 665 imitari
954 593 1132 680 nituntur,
1150 616 1171 666 o
1187 617 1264 668 vero

203 724 286 796 artis
302 725 556 797 hnodeenant.
574 725 779 820 Sigrrihcare
790 724 913 798 debuit
923 724 1129 799 Aristoteles
1139 732 1265 823 trago«

202 856 311 944 diem,
334 880 439 952 quam
451 858 636 951 AEschylus
650 858 785 931 incoelo
805 858 1264 956 propecollocaverat,qurr

200 993 295 1086 apud
317 991 541 1087 Sophoclem,
565 1014 769 1087 quanquam
786 994 861 1087 J'am
882 992 1019 1067 homini
1040 992 1262 1089 propiorem,

199 1125 334 1219 aliquid
353 1124 586 1197 nihilominus
601 1126 700 1197 valde
712 1125 916 1221 religiosum
930 1125 1136 1213 retinuerat,
1152 1132 1263 1219 totam

199 1254 339 1326 tandum
359 1253 402 1325 ab
421 1255 586 1350 Euripide
601 1248 794 1328 humanam
817 1258 945 1330 laetam
960 1279 1036 1330 esse
1053 1283 1061 1329 :
1077 1257 1171 1330 illud
1183 1259 1264 1353 qui-

199 1389 277 1460 dem
302 1389 499 1477 heroicum,
523 1412 593 1483 quo
615 1411 655 1461 ea
677 1391 897 1462 audientium
917 1391 1053 1463 animos
1074 1399 1178 1463 antea
1201 1392 1264 1463 in-

199 1522 452 1610 tlammoverat,
477 1520 713 1609 deferbuisse;
730 1523 880 1597 mollius
902 1523 1037 1619 aliquid
1058 1548 1165 1619 quarn
1188 1525 1267 1597 lor-

201 1658 268 1729 tius
297 1657 445 1752 spirare;
470 1658 640 1749 lacrymas
664 1656 810 1728 ellusius
830 1658 999 1753 profundi
1019 1683 1099 1754 quae
1119 1659 1265 1731 animo-

198 1813 276 1861 rum
291 1789 533 1860 intirmitatem
551 1793 741 1875 testentur;
763 1789 838 1877 sed,
870 1791 1039 1885 Euripide
1069 1792 1174 1881 duce,
1195 1789 1267 1863 ho-

197 1920 331 1992 minem
349 1920 467 2015 ipsurn
489 1919 528 1989 in
552 1942 692 1990 scenam
709 1920 866 2015 prodire,
884 1921 1081 2011 hominem,
1098 1921 1262 2016 inquam,

199 2065 324 2141 totum,
347 2075 418 2124 non
435 2055 598 2123 oraecurn
619 2052 723 2123 modo
744 2062 777 2124 et
793 2053 945 2126 heroicae
966 2055 1089 2143 aetatis,
1115 2055 1260 2150 qualern

197 2186 382 2281 AEsohylus
407 2187 593 2258 autetiam
617 2185 807 2280 Sophocles
830 2186 1010 2259 finxerint.
1030 2187 1132 2259 Unde
1157 2188 1265 2260 etiem

198 2324 397 2419 perspicere
426 2343 613 2416 possumus
643 2344 722 2414 qum
752 2343 860 2393 cansa
891 2320 934 2392 sit
958 2343 1023 2393 cur
1052 2320 1266 2393 recentiores

201 2466 324 2551 poetae,
358 2455 523 2549 quoniam
552 2455 744 2524 dromonum
765 2453 943 2549 prcecipuo
963 2454 1159 2546 exprimere
1185 2462 1266 2526 stu-

201 2592 297 2679 dent,
320 2589 525 2683 iEschylum
552 2598 585 2659 et
608 2586 819 2683 Sophoclem
835 2609 854 2659 e
868 2587 1064 2682 longinquo
1088 2588 1261 2675 venerati,

199 2721 480 2794 unum’maximc
497 2720 704 2815 Euripidem
720 2719 890 2790 inritando
908 2719 1039 2792 luerint
1056 2720 1233 2816 prosecuti
1250 2744 1258 2791 :

198 2882 278 2930 naui
297 2864 333 2929 ut
354 2857 390 2925 in
411 2854 638 2950 philosophia
653 2856 825 2937 Socrates,
849 2853 896 2923 ito
910 2852 947 2923 in
966 2853 1135 2949 tragoedia
1157 2846 1262 2925 Euri-

199 2994 298 3089 pides
322 2990 505 3062 hominem
523 2988 678 3060 hominis
700 2989 733 3059 in
757 2999 946 3083 conspectu
971 2988 1168 3077 collocarit,
1190 3011 1260 3084 po-

199 3128 327 3207 tiusve,
359 3122 546 3217 Euripides
582 3124 732 3195 Socratis
761 3130 1015 3210 τὸγνῶῡισεαυτόν
1051 3124 1088 3193 in
1121 3143 1262 3194 scenam

201 3258 367 3329 traduxit.

322 3442 400 3504 lypis
415 3442 558 3491 ruaiuletur·
572 3459 578 3492 :

244 3524 394 3572 Purisirurtr
406 3525 542 3592 iurulentia
557 3528 648 3579 ructor,

320 3605 349 3651 Α.
366 3605 503 3653 iturusne.
848 3602 904 3651 l'idi
920 3619 951 3653 nc
964 3605 1081 3668 perlegi:

634 3688 741 3735 noterio
756 3685 926 3744 Parisiorum,
942 3687 971 3734 in
983 3685 1112 3745 Sorhono‚
1128 3698 1152 3734 a.
1168 3684 1196 3734 d.
1211 3696 1260 3735 vu.

666 3750 701 3798 id.
720 3751 772 3797 tul.
792 3763 853 3797 urin.
870 3748 894 3796 tl
908 3749 990 3797 llCCC
1002 3749 1110 3797 LXXlll.

631 3829 768 3877 l'urultuth·
779 3828 921 3877 litter-urum
936 3829 964 3876 iu
976 3828 1107 3877 ucudemiu
1121 3826 1264 3875 Purisiercu'

664 3892 782 3948 dommus,

929 3954 1023 4001 l’urm.
