2706 4718
578 513 625 524 -
653 476 696 543 79
724 512 771 524 ..

140 634 273 698 cratem
309 624 452 698 recidat.
487 626 575 696 Nam
607 623 737 696 chorus
769 623 806 692 in
841 623 1025 695 Bonorum
1053 622 1204 696 conclu-

142 759 243 832 sione
265 783 273 831 :

373 917 477 1026 Xapleir
491 934 536 1002 οὗν
552 941 588 1021 μὴ
604 942 737 1024 Σωκράτει

381 1040 601 1124 παρακαθήμενον
615 1042 717 1114 λαλεῖν,

382 1139 551 1200 ἀποὸαλόντα
563 1138 705 1219 μουσικὴν,

382 1240 417 1299 τά
431 1264 460 1299 τε
476 1238 583 1320 μέγιστα
596 1236 779 1320 παραλιπόντα

383 1342 430 1410 τῆς
442 1339 607 1419 τραγῳδικῆς
618 1335 715 1416 τέχνης
728 1338 749 1392 ¹.

196 1512 272 1583 Non
304 1505 454 1606 sane-in
485 1507 605 1580 animo
630 1505 815 1595 habemns,
847 1508 1025 1602 recognita
1056 1507 1132 1596 lite,
1165 1508 1209 1581 de

148 1640 318 1732 sententia
340 1640 583 1737 Aristophanis
602 1641 811 1714 sententiam
836 1641 940 1714 lerre.
959 1644 1108 1714 Causam
1129 1644 1210 1738 qni-

148 1758 227 1829 denr
259 1757 449 1854 Euripidis
473 1759 632 1853 quamvis
664 1781 705 1830 ex
731 1757 851 1852 aliqua
877 1768 975 1854 parte
1004 1760 1209 1856 ancipitem,

142 1896 218 1990 jam
232 1892 375 1988 plurimi
396 1892 563 1964 tuendam
584 1909 783 1988 suscepere.
802 1892 905 1976 Quod
924 1915 1005 1966 vero
1022 1894 1066 1966 ad
1083 1896 1214 1967 Socra·
1285 1973 1288 1979 ,

149 2035 233 2112 tem,
262 2025 340 2122 quis
362 2048 463 2120 aequo
485 2025 604 2098 animo
629 2024 716 2097 lerat
740 2025 1001 2110 sanctissimum
1026 2025 1139 2097 virum
1169 2025 1214 2098 ad

151 2183 289 2234 morum
307 2162 501 2233 castitatem
521 2159 566 2232 ab
585 2159 652 2232 islo
672 2160 760 2232 adeo
773 2159 1000 2255 impudenter
1014 2158 1215 2233 lasciviente

152 2299 383 2366 revocatum?
404 2296 478 2365 Hoc
497 2300 616 2365 lamen
637 2315 745 2365 nnnm
756 2293 837 2387 jure
857 2292 1095 2387 colligendum
1114 2317 1121 2364 :
1140 2295 1216 2364 En-

152 2427 302 2524 ripidem
328 2429 577 2522 socialemque
604 2426 640 2497 in
662 2424 823 2498 eamdent
846 2425 1089 2522 Aristophanis
1117 2426 1213 2498 invi-

151 2561 244 2634 diam
274 2569 306 2633 et
338 2560 459 2633 eadem
492 2560 566 2633 lere
604 2559 756 2632 crimina
786 2559 989 2650 incurrisse,
1029 2567 1213 2657 propterea

151 2695 247 2790 quod
267 2695 359 2767 inter
384 2703 576 2789 atrumque
595 2700 689 2766 certa
704 2700 793 2765 esset
813 2692 974 2789 quaedam
996 2694 1127 2789 ingenii
1149 2717 1214 2767 co-

151 2827 269 2920 gnatio
290 2850 369 2921 quae
390 2832 427 2898 ut
448 2833 583 2898 ceteros
598 2825 645 2897 ita
662 2824 933 2920 Aristophanem
954 2826 1100 2899 minime
1116 2827 1213 2900 lelel-

152 2962 244 3034 leril.

199 3244 221 3290 l.
238 3240 299 3288 lion.
316 3251 341 3285 v.
357 3239 499 3288 ttat-ttto.
