2706 4718
502 443 619 535 -3t5
648 479 693 489 ..

62 591 128 662 viri
155 598 231 661 tum
259 587 374 685 plebis
399 588 634 682 tyrannidem.
657 588 794 684 Quippe
814 589 920 660 unius
938 565 1128 684 superbam

64 724 357 820 dominationem,
381 745 501 818 quam,
532 728 651 819 utpote
679 746 782 818 aequo
812 723 1037 834 contrariam,
1061 724 1128 794 vim

62 857 231 955 appellat,
255 859 381 932 eodem
402 858 628 963 prosequitur
647 858 729 932 odio
751 867 857 956 atque
883 859 979 932 illius
1006 860 1131 932 incuu-

65 993 169 1066 sultae
184 1001 219 1066 ct
231 994 362 1090 ignarae
376 994 489 1090 plebis
511 994 747 1083 dominatum,
762 1017 869 1090 quam
888 995 1045 1067 mentite
1060 991 1132 1065 elo·
1167 1083 1170 1089 ¹

68 1129 223 1226 quentiae
244 1129 428 1225 prestigiis
447 1129 624 1224 decipiant
654 1128 820 1225 sophistae
842 1135 875 1200 et
898 1128 1056 1224 quolibet
1078 1150 1133 1201 ra·
1238 1100 1244 1110 ’

66 1263 179 1357 piant.
202 1262 409 1358 Cujusmodi
439 1263 561 1336 odium
586 1287 658 1336 non
691 1262 796 1337 modo
824 1287 866 1336 ex
896 1263 1037 1351 anime,
1073 1261 1131 1335 sed

67 1396 173 1468 etiam
199 1417 241 1468 ex
263 1417 327 1467 sua
346 1394 456 1491 ipsius
478 1395 638 1469 doctrina
657 1394 776 1467 hausit
802 1391 974 1485 Sentetes,
1002 1397 1134 1492 quippe

69 1529 144 1624 qui,
162 1553 272 1625 qtltltn
287 1535 382 1620 ἀρετὰς
394 1536 542 1616 ἐπιστήμας
554 1527 622 1597 εἶναι
641 1530 861 1627 promittunt,
885 1529 1025 1607 Clttllem
1042 1555 1134 1627 pru-

69 1661 224 1735 dentiam
254 1664 446 1759 quamdam
474 1687 548 1737 esse
574 1665 755 1748 uirtutem,
783 1670 817 1737 et
843 1664 922 1738 ideo
951 1666 1133 1738 scientiam

69 1798 253 1871 sentiendo
271 1821 391 1871 secum
413 1805 560 1872 constet.
578 1801 668 1895 Ergo
686 1806 721 1871 ut
737 1822 880 1896 aequum
900 1800 1134 1874 virumitarei

69 1933 236 2005 scientem
252 1932 350 2006 decet
366 1955 453 2021 esse,
472 1937 498 2005 si
518 1933 596 2028 quis
609 1932 691 2006 velit
709 1956 859 2007 numero
873 1947 927 2002 τῶν
942 1941 1058 2025 aptatur
1072 1935 1138 2008 ha-

72 2059 145 2132 beri
172 2060 233 2156 qui
263 2060 298 2131 iu
329 2059 435 2132 rebus
459 2059 612 2156 publicis
641 2060 807 2155 gerendis
833 2062 914 2157 jure
940 2070 1135 2135 versentur.

72 2195 176 2277 Quod
194 2179 312 2266 iurem
332 2192 446 2265 verbis
462 2193 623 2290 praecipit
638 2195 731 2266 idem
748 2197 908 2267 Socrates
927 2193 1070 2291 publice
1085 2219 1140 2269 se-

71 2336 173 2401 cutus
201 2305 268 2401 luit
293 2353 301 2400 :
331 2350 414 2400 nam
441 2335 479 2400 ut
505 2327 695 2402 fortissime
718 2329 875 2425 Triginta
893 2331 1137 2423 Tyranuorum

72 2464 244 2559 imperata
259 2461 473 2550 detrectarit,
496 2462 544 2534 ita
563 2461 667 2533 malae
679 2462 795 2558 plebis
815 2461 956 2533 libidini
974 2462 1027 2534 sui
1044 2462 1138 2558 capi-

72 2595 116 2667 tis
134 2595 293 2692 periculo
307 2618 444 2669 morum
466 2596 561 2668 lecit.
1195 2579 1198 2586 ¹

121 2729 554 2802 constantissimamillam
575 2729 772 2804 doctrinam
786 2731 982 2804 etmaximc
1002 2732 1139 2806 confir-

71 2871 203 2936 matam
224 2863 370 2937 minime
389 2886 409 2936 a
429 2873 532 2961 pocta
548 2872 749 2961 exspectare
769 2888 972 2962 possumus,
1007 2866 1137 2963 impri-

72 2997 139 3069 nris
158 3021 269 3093 quum
295 2997 368 3086 ille,
395 2997 632 3094 sophistarum
658 2998 851 3095 disciplinis
873 3000 1044 3089 imbutus,
1075 3022 1138 3072 sua

72 3132 233 3229 quolibet
247 3157 266 3208 c
282 3134 379 3206 tonte
393 3133 546 3222 hauriat,
571 3141 605 3206 ot
624 3133 769 3231 insuper
791 3135 827 3206 in
853 3159 998 3210 scenam
1018 3159 1137 3233 perso-

72 3289 135 3340 nas
153 3269 244 3342 inter
263 3291 300 3342 se
317 3291 445 3364 genere
460 3277 492 3342 ct
507 3267 631 3341 habitu
650 3277 683 3342 et
704 3268 861 3343 oratione
886 3270 1139 3344 diversissimas

73 3402 241 3476 inducere
259 3408 416 3496 cogatur.
435 3401 610 3476 Socratica
631 3410 748 3477 tamen
771 3404 944 3476 sententia
963 3423 1003 3478 ex
1023 3404 1141 3501 pluri-

75 3532 138 3607 hus
157 3536 334 3633 Euripidis
356 3535 557 3611 tabularum
578 3537 662 3611 locis
682 3537 746 3612 erit
767 3537 1026 3634 perspicienda.
1047 3541 1140 3614 Nul-

74 3670 144 3742 lam
159 3671 254 3744 enirn
270 3693 345 3745 esse
364 3671 566 3747 civilitatem
586 3697 607 3748 a
627 3672 774 3747 scientia
788 3681 998 3769 separatam,
1017 3678 1141 3752 Socra-

75 3805 117 3877 tis
137 3805 256 3896 mod0‚
276 3804 460 3901 Euripides
480 3808 691 3904 profitetur:

164 4009 338 4080 Ceteroquin
351 4011 497 4081 quomodo
512 4029 571 4068 non
586 4017 660 4068 recto
681 4015 807 4070 rationes
821 4015 992 4088 dijudicans,

165 4102 250 4156 Recte
263 4098 356 4172 possit
373 4102 498 4171 populus
519 4119 619 4175 regere
634 4104 801 4161 civitatem?
