2706 4718
589 478 636 488 -
669 443 713 508 62
743 479 788 488 ..

152 585 362 658 cinationem
384 586 649 660 consulentibus
669 586 765 660 sede
786 587 987 658 futororum
1002 593 1128 660 eventu
1149 612 1214 663 res·

155 722 345 818 pondeant,
365 728 397 794 ct
418 743 488 817 quo
507 728 607 817 pacto
625 721 710 793 fiant
724 722 868 818 optime,
892 722 1053 795 doceant.
1075 752 1090 789 u
1120 723 1213 797 Unde

154 863 189 928 et
205 859 364 930 Socrates
389 855 483 928 idem
504 864 610 952 atque
628 856 785 929 Theseus
805 855 936 952 colligit
959 885 973 920 u
993 855 1075 928 deos
1095 856 1138 927 de
1157 855 1214 927 ho

153 986 312 1060 minibus
328 1011 541 1086 magnopere
556 1013 631 1063 esse
646 990 836 1063 sollicitos?
850 1019 865 1058 u
881 993 1062 1085 Nusquam
1081 989 1214 1062 videtur

122 1107 124 1111 ¹
155 1128 260 1216 poeta
280 1121 455 1218 propiore
476 1122 687 1219 philosopho
702 1123 848 1196 stetisse.
1194 1112 1204 1126 Ν

202 1256 304 1339 Quod
320 1279 400 1329 vero
415 1257 460 1329 ad
479 1280 519 1330 ea
534 1257 683 1353 pertinet
700 1280 778 1352 quaa
799 1256 860 1328 Dei
876 1255 1046 1328 attributo
1066 1255 1134 1328 dici
1154 1277 1211 1327 so-

112 1406 115 1412 ·
161 1388 245 1479 lent,
269 1389 425 1485 quamvis
450 1396 482 1462 et
500 1390 673 1464 nonnulla
692 1389 777 1462 hinc
798 1390 880 1463 inde
901 1391 1081 1462 Socratem
1103 1389 1204 1462 redom
1266 1452 1268 1459 .

151 1523 259 1612 leant,
283 1544 409 1620 quum,
430 1524 581 1620 exempli
601 1547 718 1613 causo,
742 1527 853 1597 Deum
868 1521 1010 1596 exhibet
1031 1521 1212 1619 Euripides

102 1681 104 1684 ·
145 1682 211 1754 per
230 1659 336 1731 tacito
350 1672 551 1755 pergentem
579 1661 679 1747 iter¹‚
701 1659 756 1732 uel
776 1658 968 1730 numinum
994 1657 1064 1730 vim
1090 1659 1212 1730 lentum

129 1795 303 1891 ‘quiderm
332 1794 379 1866 ud
401 1807 594 1866 extremum
613 1805 728 1865 cutem
758 1816 825 1865 nou
854 1793 1065 1889 infirmatem,
1088 1791 1212 1888 s'aepins

153 1939 269 2003 tamen
289 1929 358 2002 alia
377 1952 418 2002 ex
433 1929 616 2002 communi
636 1951 754 2017 sensu,
772 1927 840 2000 alia
858 1951 900 2000 ex
919 1929 1125 2022 Anaxagora
1136 1949 1214 1999 ma-

148 2064 256 2158 gistro
280 2062 425 2135 haurire
446 2061 538 2135 ‘solet
567 2084 678 2133 :nam
704 2064 943 2156 Anaxagoram
969 2060 1213 2157 potiusquam

150 2202 328 2273 Socratem
350 2197 521 2294 sequitur,
549 2221 661 2293 quum
682 2199 795 2270 Deum
815 2196 997 2269 inlinitum
1018 2219 1094 2270 esse
1113 2196 1216 2284 dicit,-

147 2332 329 2428 stellisque
359 2332 619 2405 circumdatum
647 2338 682 2405 et
701 2331 872 2427 majorem
895 2353 1001 2427 quem
1030 2332 1092 2427 qui
1118 2339 1211 2406 tem-

147 2466 215 2564 plis
251 2465 508 2540 contineator³.
542 2470 634 2541 Deus
672 2472 790 2540 autem
824 2466 1021 2540 Socraticus
1060 2467 1208 2564 sapiens,
1262 2563 1264 2570 y

147 2625 283 2698 aequus,
307 2595 482 2698 imprimis
510 2602 645 2690 bonos3
668 2624 741 2674 non
761 2600 872 2674 oculis
892 2602 1025 2698 percipi
1049 2603 1124 2699 ipse
1143 2625 1210 2700 po-

139 2728 224 2827 test,
248 2739 309 2811 sed
328 2761 389 2835 per
403 2715 509 2834 opera
528 2760 591 2830 sua
609 2738 841 2833 spectandum
862 2759 898 2810 se
916 2724 1076 2833 praeb'et3
1099 2758 1208 2831 quum

146 2870 280 2944 muodo
300 2872 474 2950 universo,
496 2879 572 2944 tum
593 2871 771 2968 praecipue
785 2871 942 2944 humano
961 2870 1081 2944 animo
1097 2871 1206 2958 adest,

147 3026 318 3099 suamque
337 3003 374 3076 in
398 3005 548 3078 honesto
568 3006 641 3078 viro
660 3004 913 3100 expressiorem
937 3003 1129 3097 imaginem
1153 3025 1207 3076 os-

146 3138 270 3213 tendit.

109 3255 111 3258 ⁵
194 3274 290 3346 Nihil
300 3275 373 3370 jam
387 3257 511 3348 attinet
525 3271 953 3370 Euripidemiuterrogare
965 3277 1086 3344 utrum
1098 3272 1207 3344 Deum

144 3431 257 3480 unum
276 3431 322 3481 an
343 3407 462 3505 plures
485 3430 560 3482 esse
580 3409 664 3481 deos
683 3413 834 3479 censeat.
868 3403 928 3477 His
956 3391 1035 3500 quae
1056 3404 1207 3477 diximus

143 3540 291 3638 qucestio
311 3547 361 3613 est
385 3539 581 3636 profligata.
613 3541 776 3611 Ceterum
796 3558 869 3609 non
893 3538 1053 3610 Socrates
1072 3537 1207 3632 primus

143 3679 254 3749 Deum
273 3697 385 3747 unum
401 3675 616 3771 essessdocuit.
630 3673 668 3745 ld
685 3670 922 3766 Xenophanes
932 3679 966 3744 et
979 3671 1204 3745 Parmenides

142 3816 380 3900 instituerant,
403 3817 481 3882 turn
509 3821 579 3880 Νοῦν
597 3809 821 3902 Anaxagoras
843 3830 970 3896 unum,
991 3805 1206 3903 simplicem·

107 4003 108 4006 Ἴ
172 4036 194 4083 1.
216 4026 307 4079 Trood.
322 4041 346 4075 v.
362 4028 407 4075 887
418 4002 446 4074 'et
457 4026 511 4073 888.
526 4051 555 4059 -
570 4025 593 4071 2.
607 3981 650 4070 lob
667 4035 693 4069 v,
711 4021 778 4069 tole.
798 4047 827 4055 -
844 4023 866 4069 3.
883 4013 985 4083 dogm.
1002 4037 1026 4086 p.
1042 4025 1097 4073 rol.
1111 4022 1142 4071 tr.
1160 4023 1203 4071 156

140 4118 245 4177 etpass.
