2706 4718
574 456 763 523 ..52-

192 603 410 698 Religionem
448 601 544 673 enim
574 608 623 673 tut
658 599 858 672 tabularum
890 599 1081 672 mendaciis
1112 600 1196 673 suh-

143 736 260 808 nixam
280 735 394 831 primo
423 733 572 828 physici,
592 731 808 828 argumentis
828 731 972 827 quidem
994 756 1014 806 e
1038 741 1197 808 coutem-

143 868 298 966 platione
335 874 471 939 naturae
513 867 640 956 ductis,
672 865 800 939 deinde
840 867 1012 962 sophistae,
1035 869 1196 963 ¹quadam

53 990 56 997 ’
144 999 329 1075 cavillandi
356 1010 390 1073 et
421 999 604 1073 dubitandi
638 1000 786 1089 ratione,
814 1007 853 1072 ut
884 988 1056 1091 sitiebant,
1088 999 1208 1075 adorti,

143 1136 310 1208 lucrant:
334 1133 495 1207 camdem
520 1133 671 1228 donique
692 1135 848 1207 Socrates
879 1134 1039 1208 funditus
1066 1133 1195 1219 evertit,

143 1274 328 1365 propterea
347 1266 441 1363 quod
458 1265 567 1362 ipsius
591 1265 758 1338 humanae
784 1267 1008 1340 conscientiae
1026 1268 1124 1364 quasi
1144 1268 1197 1362 jus

141 1401 307 1476 vindicat.

192 1540 263 1610 Nec
289 1535 435 1631 miretur
461 1534 648 1630 quisquam
671 1533 707 1604 id
729 1532 836 1606 luisse
860 1533 1096 1632 philosophia
1115 1559 1197 1632 pro·

145 1668 324 1766 gradiendi
337 1690 447 1764 genus
460 1675 494 1741 et
509 1668 608 1763 quasi
618 1667 902 1741 incrementum:
922 1691 1019 1758 nam,
1037 1670 1198 1766 quoniam

145 1806 180 1876 in
203 1809 330 1876 natura
348 1823 464 1874 rerum
480 1800 746 1890 consideranda,
761 1806 842 1875 ante
858 1803 1050 1888 Socratem,
1064 1805 1198 1878 Graeco

147 1963 226 2013 num
259 1913 726 2035 philosophia'versnhatun
751 1958 822 2008 non
852 1936 929 2010 fieri
953 1944 1089 2033 poterat
1118 1940 1200 2035 quin

144 2071 259 2166 prima
290 2069 479 2142 numinum
497 2069 678 2144 insectatio
698 2093 739 2142 ex
759 2093 798 2142 aa
825 2077 961 2144 naturae
980 2072 1195 2169 inspectione

145 2210 392 2279 arces'seretur.
425 2206 501 2288 Quo
536 2203 637 2290 enim
666 2203 772 2294 modo
803 2204 1041 2303 Colophonius
1075 2212 1195 2284 Xeno-

143 2339 276 2434 phanes
288 2337 494 2435 popularem
508 2336 713 2433 religionem
728 2337 901 2432 exagitat?
916 2341 1119 2417 Profitendo
1135 2343 1200 2417 sci-

64 2490 66 2494 ·
141 2473 223 2547 licet
243 2496 315 2555 non
327 2471 446 2569 plures
461 2494 535 2545 esse
547 2472 630 2544 deos
643 2471 702 2567 qui
717 2494 840 2544 omues
855 2471 1049 2568 figurarum
1070 2474 1198 2572 species

141 2608 302 2697 induant,
333 2635 348 2673 u
377 2628 489 2678 unum
516 2614 633 2679 autem
659 2627 732 2678 esso
761 2605 893 2691 omnia,
916 2628 1032 2701 neque
1058 2606 1093 2678 id
1127 2629 1199 2680 esse

140 2739 324 2827 mutabile,
346 2747 380 2812 et
396 2740 432 2812 id
452 2731 526 2812 esse
545 2741 670 2822 Deum,
693 2760 808 2833 neque
826 2744 949 2811 natum
970 2762 1144 2834 unquam,
1166 2745 1198 2812 et

141 2876 408 2972 sempiternum,
425 2873 633 2969 conglobata
649 2873 760 2969 ligura
771 2874 791 2939 ¹.
810 2904 825 2941 »
846 2876 1067 2970 Anaxagoras
1082 2885 1199 2971 postea

114 3032 222 3112 'reus
258 3010 369 3082 lactus
401 3014 452 3081 est
486 3006 686 3104 impietatis,
718 3006 891 3103 imprimis
920 3007 1020 3103 'qnod
1058 3007 1198 3080 dixisset

103 3196 105 3199 -
141 3144 301 3226 eamdem
316 3165 390 3216 esse
403 3143 549 3214 Dianam
565 3164 670 3238 quam
686 3140 822 3231 lunam,
842 3141 1007 3216 eumdem
1024 3141 1199 3216 Phoehum

142 3262 250 3375 quem
270 3278 393 3369 solem,
417 3277 527 3351 solem
549 3299 626 3350 vero
653 3276 743 3349 nihil
763 3277 829 3348 nisi
856 3277 994 3373 igneam
1015 3277 1196 3374 laminam.

142 3415 196 3488 Ab
217 3413 534 3511 utroque-nullum
563 3411 741 3508 profertur
770 3417 1017 3509 argumentum
1038 3414 1201 3488 adversus
1238 3395 1246 3412 ¹

143 3550 225 3623 deos
244 3548 338 3644 quod
353 3571 395 3622 ex
416 3545 538 3621 morali
556 3544 741 3642 disciplina
760 3545 859 3619 ssuat.

191 3682 370 3779 Sophistas
383 3686 501 3754 autem
516 3671 628 3774 lique't
643 3700 714 3752 non
725 3656 880 3774 potuisse
895 3702 1069 3753 umorum
1082 3680 1203 3775 regula

141 3794 348 3908 argumenta
363 3814 568 3910 depromere
582 3809 711 3906 quibus
724 3809 930 3906 religionem
949 3793 1198 3902 labefecerunt,

189 4112 211 4158 l.
228 4108 279 4158 [lic.
292 4108 371 4160 dead.
387 4109 404 4158 l.
420 4109 452 4170 ll,
468 4123 490 4159 c¹
503 4124 595 4161 xxxvu.
682 4100 684 4106 ’
