2706 4718
627 471 673 483 -
704 434 745 500 12
773 470 821 480 -

190 601 270 652 eum
287 604 410 673 noram
428 583 521 655 hanc
536 582 627 655 viam
647 580 920 678 philosophandi
936 581 1074 654 suerunt
1090 581 1251 678 ingressi,

191 713 322 810 quippe
342 715 416 810 qui,
441 739 554 811 quum
581 716 623 788 de
650 715 720 788 veri
745 714 942 810 cognitione
962 724 995 789 et
1015 721 1153 805 natura,
1176 723 1253 789 tum
1308 751 1311 756 ,

192 849 235 922 de
255 848 296 921 iis
325 873 403 944 quae
432 851 607 924 advitam
636 872 866 924 communem
897 850 1088 945 pertinent,
1119 851 1254 926 scilicet

191 981 283 1054 civili
303 982 461 1074 scientia,
484 992 515 1056 et
539 960 719 1080 religione,
741 992 775 1056 ot
794 983 952 1057 moribus
971 984 1139 1057 disserere
1160 984 1253 1058 soliti

189 1125 316 1194 essent.
336 1121 410 1190 Hoc
426 1141 505 1191 vero
521 1118 614 1192 iuter
635 1117 809 1214 sophistas
824 1130 855 1190 ct
872 1120 1050 1192 Socratem
1069 1119 1249 1209 intererat,

189 1251 284 1345 quod
317 1250 373 1321 isti
409 1248 647 1345 praedicabant
677 1249 712 1321 id
748 1249 874 1344 cuique
907 1273 1026 1324 verum
1054 1274 1128 1324 esse
1158 1253 1252 1348 quod

189 1383 319 1480 cuique
347 1384 534 1475 videretur,
558 1392 592 1457 dt
611 1386 660 1457 Sic
679 1391 837 1476 φαινομένην
856 1385 1117 1484 philosophiam
1140 1410 1250 1461 assec-

190 1515 366 1607 tabantur,
383 1516 443 1592 ilie
458 1526 575 1593 autem
588 1543 658 1592 non
671 1519 780 1593 videri
794 1525 947 1608 tautum,
961 1521 1022 1593 sed
1037 1544 1112 1595 esse
1131 1511 1267 1595 verum¹

96 1684 99 1689 ·
190 1653 434 1750 profitebatur,
469 1656 564 1751 quod
597 1656 751 1752 reperire
782 1657 971 1752 possimus,
1002 1634 1040 1729 et
1073 1667 1251 1754 repertum

190 1788 289 1884 sequi
312 1787 517 1862 debeamus.
958 1867 961 1873 ,
1070 1887 1071 1891 ¹

221 1927 357 2009 >Quom
379 1923 485 2018 igitur
503 1923 622 2019 aliqua
641 1944 715 1995 osse
732 1924 890 1996 videatur
909 1924 1001 1997 iuter
1020 1927 1200 1998 Socratem
1220 1931 1253 1998 et

190 2058 363 2153 sophistas
392 2032 733 2153 vicinia,quaerenti
762 2080 807 2130 an
831 2058 926 2154 apud
955 2057 1163 2155 Euripidem
1190 2060 1254 2132 ali-

190 2191 277 2286 quid
304 2213 386 2263 cum
411 2213 502 2264 novo
526 2190 761 2288 philosophiae
784 2213 925 2287 genere,
950 2186 970 2264 a
997 2193 1139 2294 Socrate
1160 2198 1251 2278 orto,

189 2331 371 2409 consonet,
400 2324 496 2397 haud
524 2325 626 2398 facile
650 2333 700 2399 est
723 2325 904 2424 explorare
929 2332 1051 2399 utrum
1077 2326 1168 2399 illud
1186 2330 1253 2401 So-

189 2459 292 2536 cratis
310 2458 353 2530 sit
372 2479 419 2530 an
438 2457 691 2554 sophistarum.
778 2553 781 2560 .

212 2630 214 2634 ’
238 2601 382 2673 Constat
405 2606 524 2672 tamen
552 2594 757 2692 Euripidem
784 2617 863 2691 quae
889 2594 925 2664 in
948 2591 1174 2690 philosophia
1192 2617 1253 2668 so-

188 2733 316 2830 phistae
336 2744 369 2807 et
390 2736 549 2808 Socrates
574 2731 738 2818 inierant,
767 2729 804 2801 iu
831 2751 972 2802 scenam
1000 2750 1041 2800 ea
1069 2714 1248 2801 detulisse.

188 2867 291 2952 Quod
318 2868 363 2940 ad
396 2869 589 2954 Socratem,
621 2863 799 2960 proposito
832 2870 952 2938 nostro
984 2862 1174 2935 assentitur
1202 2862 1253 2935 vir

189 2999 461 3073 eruditissimus.
494 3028 508 3066 o
529 3001 700 3084 Socrates,
716 2998 844 3094 inquit,
867 2998 980 3070 dictus
1001 2995 1076 3089 suit⁸
1091 2996 1254 3094 philoso-

189 3132 324 3230 phiam,
348 3157 368 3206 a
389 3157 509 3207 rerum
532 3139 668 3205 naturae
691 3132 953 3206 reconditarum
973 3130 1253 3205 consideratione

187 3269 232 3341 ad
258 3268 402 3341 moralis
431 3268 585 3342 scientiae
611 3291 715 3341 usum
740 3269 950 3357 revocando,
979 3267 1165 3340 interram
1193 3267 1254 3340 de·
1295 3253 1296 3261 ἵ

86 3454 88 3459 -
187 3401 339 3474 duxisse.
362 3404 488 3476 Nonne
507 3410 543 3476 et
561 3404 628 3478 dici
650 3404 759 3500 possit
779 3404 998 3501 Euripidem,
1017 3405 1140 3478 eodem
1161 3409 1251 3477 tem-

186 3558 283 3632 pore,
305 3534 392 3609 illuc
415 3539 619 3634 tragoediam
646 3537 907 3635 circumegisse,
929 3536 1042 3610 vivum
1061 3536 1250 3610 hominum

185 3671 390 3768 imaginem,
412 3697 453 3746 ox
471 3674 662 3750 involucris
687 3674 815 3770 quibus
839 3675 953 3748 suerat
976 3674 1210 3772 priscarums
1228 3715 1250 3727 -

187 3807 352 3881 bolarum
374 3809 559 3885 mendacio
584 3809 801 3884 circumdata
826 3809 1036 3883 exsolvendo
1053 3806 1090 3881 ¹?
1110 3839 1124 3877 n
1159 3809 1251 3881 Ani-

219 4075 241 4122 t.
257 4073 286 4121 V.
301 4074 386 4135 Potin,
399 4060 496 4124 Etndes
509 4091 555 4126 sur
567 4077 601 4125 tes
618 4077 748 4141 tropiques
761 4090 841 4140 precs,
857 4079 875 4126 t.
892 4076 937 4138 111,
952 4091 978 4141 p.
995 4080 1017 4127 t.
