2706 4718
454 467 466 495 0
581 452 772 518 ..69-

142 601 248 673 modo
262 600 407 673 demum
429 602 589 674 universo
601 603 677 696 ejus
698 601 898 675 tabularum
913 624 1018 674 cursu
1037 602 1203 696 exituque

140 755 360 823 moveamur,
382 733 591 829 disquirere.
845 727 850 737 ’
1187 813 1191 819 ,

192 870 242 940 Eo
260 866 411 940 maxime
428 867 472 940 ab
480 866 644 962 AEschplo
657 874 690 940 et
699 866 872 962 Sophocle
884 867 987 939 distat
1004 867 1200 962 Euripides,

142 1003 238 1097 quod
257 1002 352 1098 apud
371 1023 453 1074 eum
476 1023 593 1096 neque
612 1024 654 1072 ex
673 1001 739 1074 diis
755 1001 902 1096 justitiae
916 1001 1114 1074 vindicibus
1138 1026 1206 1076 ne-

143 1157 212 1230 que
233 1133 337 1207 etiam
359 1156 401 1206 er
422 1125 492 1207 fato
512 1133 837 1229 repudiaretur
857 1155 939 1205 casu
962 1140 1032 1206 tota
1050 1134 1206 1230 pendere

144 1267 315 1341 videatur.
334 1270 411 1340 Non
431 1267 466 1340 id
482 1267 519 1339 in
535 1266 654 1340 animo
674 1267 749 1362 ejus
767 1266 914 1339 infixum
938 1276 989 1339 est
1007 1265 1112 1340 rebus
1132 1267 1206 1338 hn-

143 1401 272 1488 manis,
294 1399 453 1495 quamvis
476 1397 689 1472 turbulentis
709 1406 743 1472 et
763 1399 1061 1488 inconstantibus,
1084 1422 1205 1474 secrc-

144 1543 220 1607 tnm
235 1533 426 1630 quemdam
445 1532 607 1606 ordinem
625 1554 787 1628 praeesse.
810 1535 888 1606 Non
909 1533 995 1605 deus
1014 1533 1206 1606 advocatur

143 1668 209 1740 nisi
231 1674 270 1740 ut
287 1666 494 1764 peragendae
517 1665 561 1738 sit
581 1664 712 1738 fahuiae
735 1665 873 1748 artifex,
904 1689 974 1761 quo
998 1665 1207 1739 administro

146 1807 264 1873 utatur
291 1804 426 1896 poeta:
457 1821 576 1872 revera
608 1798 753 1873 fortuita
790 1799 943 1894 quadam
973 1798 1207 1872 concursione

145 1934 265 2007 omnia
287 1932 463 2018 eveniunt,
489 1933 537 2004 ita
560 1939 597 2004 nt
617 1930 669 2005 vel
700 1954 771 2004 non
792 1933 918 2005 cadere
943 1931 997 2006 vel
1024 1931 1126 2004 aliter
1147 1954 1206 2004 ca-

146 2068 229 2141 dere
243 2067 390 2163 possint,
414 2089 481 2140 nec
502 2067 545 2138 sit
556 2067 755 2166 'quidquam
771 2068 867 2163 quod
885 2067 921 2138 in
943 2068 1094 2140 iortunae
1109 2063 1209 2137 volu-

148 2200 282 2275 bilitate
302 2225 373 2275 non
393 2209 561 2274 versetur.
587 2202 748 2296 Denique
771 2201 919 2276 omnino
947 2199 1035 2273 nihil
1056 2201 1124 2273 nisi
1152 2202 1208 2273 in-

148 2320 382 2404 certissimum
398 2343 432 2406 et
452 2334 675 2408 temerarium
702 2335 897 2409 admodum
915 2335 1021 2409 rebus
1041 2335 1208 2407 humanis

153 2467 266 2540 inesse
285 2468 488 2542 credideris.
932 2455 934 2461 ’

196 2603 336 2674 Nemini
369 2603 519 2676 dubium
547 2626 625 2695 ¹esse
653 2611 766 2701 potest
797 2605 883 2700 quin
918 2603 1123 2700 Euripidem
1152 2625 1206 2678 res

149 2736 295 2828 minime
316 2737 438 2834 fugiat.
462 2741 550 2812 Nam
568 2760 609 2811 ea
627 2746 679 2811 est
699 2762 806 2835 quam
826 2740 902 2836 ipse
916 2738 1114 2813 clausulam
1133 2762 1207 2813 non

148 2869 263 2979 semel¹
275 2870 320 2944 ad
338 2872 535 2966 argumenti
555 2871 662 2944 finem
681 2874 924 2947 accommodat
947 2897 954 2946 :

289 3057 382 3113 Multa
397 3060 463 3113 sunt
479 3057 587 3129 species
600 3074 697 3113 rerum
716 3058 889 3127 divinarum,

289 3146 433 3218 Multaque
445 3151 550 3219 praeter
564 3163 644 3217 spem
658 3148 810 3218 perficiunt
824 3146 865 3202 dii
881 3164 888 3201 :

291 3237 323 3291 m
337 3240 498 3307 exspectata
512 3253 572 3292 non
584 3237 729 3306 eveniunt,

290 3325 353 3378 Non
369 3328 597 3395 exspectaturum
611 3342 677 3381 vero
693 3327 803 3381 exitum
817 3325 927 3381 invenit
943 3327 1023 3381 deus.

292 3413 336 3468 Sic
349 3412 418 3469 exiit
431 3415 491 3469 haec
504 3432 549 3471 res
561 3417 580 3472 ¹.

200 3587 317 3657 Unum
336 3583 496 3684 videlicet
515 3586 552 3659 id
571 3561 741 3658 docemur
756 3609 882 3682 nempe
903 3589 1014 3658 Deum
1035 3586 1138 3661 nobis
1159 3588 1208 3660 ii-

148 3718 272 3793 ludcre
294 3744 301 3791 :
324 3720 412 3793 nihil
433 3743 534 3817 posse
552 3729 611 3794 aut
625 3723 816 3820 exspectari
833 3730 892 3795 aut
905 3721 1112 3819 praevideri,
1130 3745 1208 3820 spes

150 3854 302 3951 deniquo
320 3854 675 3968 hominumsrmper
700 3857 814 3954 decipi
841 3864 874 3931 et
899 3859 1022 3931 inanes
1042 3856 1203 3931 evadere.

181 4112 204 4158 i.
221 4110 252 4159 V·
265 4111 292 4162 in
306 4110 384 4170 Med.¹
398 4110 464 4170 Μ,
477 4109 578 4169 muca,
594 4109 719 4161 Androm.
734 4112 761 4157 ct
774 4107 827 4157 Alc.
