2706 4718
228 607 348 680 tendat
376 611 555 682 Socratem
584 634 686 684 sensu
713 607 896 686 communi
916 613 1103 685 inductum
1124 613 1232 688 fuisse
1252 624 1287 688 nt

228 740 320 814 hanc
346 743 567 834 sententiam,
596 744 788 819 exhibitam
812 746 956 843 qnidam
977 754 1011 821 et
1035 748 1246 844 explicatam
1270 774 1290 824 a

229 877 384 965 Platone,
414 877 651 974 improbatam
680 905 761 956 vero
791 880 835 954 ah
863 853 1063 972 Aristolele,
1101 884 1287 979 proferret,

227 1010 393 1082 virtutem
408 1009 542 1084 scilicet
566 1015 745 1086 scientium
767 1018 863 1087 esce?
888 1017 1021 1111 Nempe
1045 1015 1205 1088 Socrates
1225 1017 1290 1089 dc-

228 1168 306 1219 ccre
330 1168 403 1216 non
423 1145 561 1220 duhiiat
589 1148 649 1244 qni
666 1148 840 1244 justiliam
857 1147 992 1221 nesciat
1011 1171 1092 1221 eum
1113 1173 1186 1222 non
1220 1172 1291 1223 esse

168 1276 170 1281 ’
222 1279 372 1374 justum,
402 1286 524 1353 contra
543 1257 717 1377 quiquid
735 1281 779 1354 sit
799 1282 937 1378 justum
964 1281 1193 1378 perspexerit,
1212 1304 1290 1356 eum
1330 1335 1333 1341 -

223 1413 298 1507 jam
314 1413 451 1508 justum
477 1436 565 1487 csse.

276 1546 451 1632 Quoniam
469 1548 576 1644 igitur
594 1570 718 1621 omnes
742 1533 947 1621 fatebuntur
967 1547 1175 1643 hujusmodi
1204 1572 1287 1624 sen-

226 1683 373 1756 tentiam
403 1707 424 1756 a
452 1684 545 1780 vulgi
567 1683 733 1780 opinione
752 1682 856 1780 longe
880 1681 1084 1769 abhorrere,
1107 1683 1135 1755 si
1166 1683 1286 1758 cadem

225 1815 286 1890 illa
305 1817 360 1890 vel
374 1817 469 1913 quod
490 1839 532 1889 ex
551 1840 592 1889 ea
612 1824 703 1890 recte
723 1816 885 1927 sequipur
898 1816 936 1888 in
955 1839 1058 1889 scona
1079 1818 1287 1907 occurrerit,

146 2018 148 2022 .
223 1951 295 2022 vari
316 1950 381 2023 erit
402 1948 517 2022 simile
536 1956 673 2046 poetam
695 1949 732 2020 id
753 1972 822 2025 non
844 1972 886 2022 ex
905 1972 982 2045 sese,
997 1956 1061 2023 aut
1079 1973 1183 2029 sensu
1197 1973 1291 2024 com-

223 2083 338 2171 muni,
362 2083 422 2155 sed
437 2106 477 2155 ex
498 2082 574 2180 ipsa
590 2082 815 2179 philosophia
842 2083 1032 2180 arripuisse
1055 2109 1062 2156 :
1087 2105 1170 2155 narn
1191 2104 1290 2156 exeo

223 2217 410 2290 conficitur
430 2223 467 2288 nt
486 2215 604 2313 aliqua
625 2217 668 2289 sit
688 2217 879 2314 disciplina
899 2217 1048 2307 virtuiiS,
1075 2224 1108 2291 et
1129 2217 1200 2293 sive
1220 2216 1293 2290 ani·
1312 2307 1331 2327 Νι

203 2352 204 2356 ’
223 2351 271 2421 mi
282 2350 451 2423 fortitudo
466 2350 536 2422 sire
551 2351 688 2446 justitia
702 2350 861 2447 sintquae
879 2351 916 2424 in
927 2359 1001 2426 arte
1017 2351 1203 2425 tradantur
1213 2379 1222 2440 ;
1243 2352 1286 2424 dc

225 2505 295 2578 qna
323 2505 361 2555 re
385 2487 480 2579 dape
505 2484 638 2557 Socrati
664 2485 902 2582 sophistisque
929 2484 1165 2559 controversia
1193 2481 1290 2556 inci-¹

225 2612 287 2686 dit.
309 2616 408 2690 idem
428 2638 469 2689 ao
489 2618 646 2692 Socrates
670 2617 808 2693 videtur
822 2613 951 2692 sentire
971 2617 1159 2715 Euripides
1174 2639 1284 2713 quum

224 2746 346 2820 dicit:

302 2915 438 2972 Educatio
453 2910 530 2971 'enim
545 2895 622 2971 hona
635 2911 777 2989 pudorem
791 2915 874 2972 affert
891 2933 897 2970 :

301 3006 504 3078 Erubescitque
519 3005 571 3087 vir,
587 3006 616 3061 in
630 3005 759 3062 honestis
769 3002 859 3061 ¹rehus
873 3009 1012 3075 versatus,

302 3096 390 3152 Malus
406 3113 466 3151 esso
476 3095 597 3168 quilibet
617 3113 623 3150 :
643 3093 792 3168 forcz'tuuo
804 3084 906 3150 cutem

215 3255 219 3262 4
302 3184 411 3241 Doceri
422 3190 518 3258 potest
538 3184 682 3257 (διδακτός),
698 3185 722 3239 si
737 3184 854 3255 quidem
870 3184 964 3239 infans
979 3184 1097 3238 docetur
1210 3231 1213 3237 .

304 3275 358 3349 (Ea)
374 3275 467 3332 dicere
481 3279 510 3330 ei·
524 3274 622 3330 audire
638 3291 763 3347 quorum
777 3276 911 3331 notitiam
923 3290 983 3328 non
1000 3274 1089 3328 hahet
1106 3283 1126 3330 ¹.

282 3422 323 3490 ln
347 3420 401 3492 his
421 3441 562 3516 quoquc
583 3439 662 3514 quae
683 3426 895 3514 sequnntur
913 3414 1129 3491 carminibus
1158 3411 1292 3510 aliquid

192 3638 195 3646 ,
230 3551 343 3628 incsse
359 3553 508 3627 dixerim
522 3551 720 3650 disciplinae
740 3557 845 3646 atque
864 3551 970 3625 ctiam
986 3548 1153 3625 orationis
1174 3551 1295 3623 Socra-

232 3688 310 3762 tica
332 3714 340 3763 :
563 3692 565 3697 ’

303 3894 331 3953 Si
344 3912 422 3965 vero,
438 3909 528 3966 quum
542 3891 581 3947 sis
594 3891 657 3963 ipsa
670 3893 747 3944 vates
760 3888 884 3960 deosque
905 3905 965 3944 csse
981 3888 1088 3954 credas,

304 3986 354 4056 (Tu
369 3984 474 4056 tamen)
488 3985 499 4055 j
537 3980 632 4037 utiam
643 3978 732 4050 patris
747 3977 906 4046 violaveris

266 4146 287 4192 1.
301 4140 391 4206 Suppl.
409 4155 434 4189 u.
450 4141 561 4190 uir-916.
