<?xml version="1.0" encoding="UTF-8"?>
<!DOCTYPE html PUBLIC "-//W3C//DTD XHTML 1.0 Transitional//EN"
    "http://www.w3.org/TR/xhtml1/DTD/xhtml1-transitional.dtd">
<html xmlns="http://www.w3.org/1999/xhtml" xml:lang="en" lang="en">
 <head>
  <title>
</title>
<meta http-equiv="Content-Type" content="text/html;charset=utf-8" />
  <meta name='ocr-system' content='tesseract 3.04.00' />
  <meta name='ocr-capabilities' content='ocr_page ocr_carea ocr_par ocr_line ocrx_word'/>
</head>
<body>
  <div class='ocr_page' id='page_1' title='image "./desocraticaedoc00feuggoog_0064.png"; bbox 0 0 2706 4718; ppageno 0'>
   <div class='ocr_carea' id='block_1_1' title="bbox 105 459 1220 1535">
    <p class='ocr_par' dir='ltr' id='par_1_1' title="bbox 105 459 1220 1535">
     <span class='ocr_line' id='line_1_1' title="bbox 597 459 789 525; baseline -0.005 -19"><span class='ocrx_word' id='word_1_1' title='bbox 597 496 643 506; x_wconf 92' lang='grc'>..</span> <span class='ocrx_word' id='word_1_2' title='bbox 671 459 714 525; x_wconf 81' lang='lat'>57</span> <span class='ocrx_word' id='word_1_3' title='bbox 744 493 789 505; x_wconf 83' lang='grc'>.-</span> 
     </span>
     <span class='ocr_line' id='line_1_2' title="bbox 159 585 1218 706; baseline -0.008 -22"><span class='ocrx_word' id='word_1_4' title='bbox 159 613 225 684; x_wconf 87' lang='lat' dir='ltr'>bns</span> <span class='ocrx_word' id='word_1_5' title='bbox 251 585 423 706; x_wconf 80' lang='lat' dir='ltr'>Apollinis</span> <span class='ocrx_word' id='word_1_6' title='bbox 456 605 612 679; x_wconf 88' lang='lat' dir='ltr'>labulam</span> <span class='ocrx_word' id='word_1_7' title='bbox 643 605 859 702; x_wconf 71' lang='lat' dir='ltr'>auspicatur,</span> <span class='ocrx_word' id='word_1_8' title='bbox 894 602 981 675; x_wconf 90' lang='lat' dir='ltr'>nihil</span> <span class='ocrx_word' id='word_1_9' title='bbox 1008 602 1218 699; x_wconf 88' lang='lat' dir='ltr'>sibioptans</span> 
     </span>
     <span class='ocr_line' id='line_1_3' title="bbox 105 738 1220 835; baseline -0.003 -19"><span class='ocrx_word' id='word_1_10' title='bbox 105 824 114 835; x_wconf 53' lang='grc'><em>,</em></span> <span class='ocrx_word' id='word_1_11' title='bbox 157 743 222 815; x_wconf 91' lang='lat' dir='ltr'>nisi</span> <span class='ocrx_word' id='word_1_12' title='bbox 250 749 287 814; x_wconf 91' lang='lat' dir='ltr'>ut</span> <span class='ocrx_word' id='word_1_13' title='bbox 316 746 412 813; x_wconf 84' lang='lat' dir='ltr'>tutus</span> <span class='ocrx_word' id='word_1_14' title='bbox 444 738 489 812; x_wconf 86' lang='lat' dir='ltr'>ab</span> <span class='ocrx_word' id='word_1_15' title='bbox 514 740 612 812; x_wconf 93' lang='lat' dir='ltr'>omni</span> <span class='ocrx_word' id='word_1_16' title='bbox 632 739 712 814; x_wconf 93' lang='lat' dir='ltr'>labe</span> <span class='ocrx_word' id='word_1_17' title='bbox 739 747 908 829; x_wconf 86' lang='lat' dir='ltr'>servetur,</span> <span class='ocrx_word' id='word_1_18' title='bbox 942 761 1013 834; x_wconf 89' lang='lat' dir='ltr'>quo</span> <span class='ocrx_word' id='word_1_19' title='bbox 1044 741 1220 834; x_wconf 87' lang='lat' dir='ltr'>acceptius</span> 
     </span>
     <span class='ocr_line' id='line_1_4' title="bbox 156 872 1219 961; baseline -0.005 -8"><span class='ocrx_word' id='word_1_20' title='bbox 156 881 222 952; x_wconf 92' lang='lat' dir='ltr'>deo</span> <span class='ocrx_word' id='word_1_21' title='bbox 247 883 403 951; x_wconf 77' lang='lat' dir='ltr'>exerceat</span> <span class='ocrx_word' id='word_1_22' title='bbox 431 875 666 949; x_wconf 79' lang='lat' dir='ltr'>sacerdotium</span> <span class='ocrx_word' id='word_1_23' title='bbox 682 872 707 948; x_wconf 91' lang='lat'>¹.</span> <span class='ocrx_word' id='word_1_24' title='bbox 736 878 875 961; x_wconf 81' lang='lat' dir='ltr'>Quanto</span> <span class='ocrx_word' id='word_1_25' title='bbox 902 875 994 947; x_wconf 90' lang='lat' dir='ltr'>idem</span> <span class='ocrx_word' id='word_1_26' title='bbox 1020 873 1156 961; x_wconf 90' lang='lat' dir='ltr'>dolore,</span> <span class='ocrx_word' id='word_1_27' title='bbox 1185 883 1219 948; x_wconf 87' lang='lat' dir='ltr'>et</span> 
     </span>
     <span class='ocr_line' id='line_1_5' title="bbox 157 1009 1219 1109; baseline -0.005 -20"><span class='ocrx_word' id='word_1_28' title='bbox 157 1015 307 1089; x_wconf 82' lang='lat' dir='ltr'>subinde</span> <span class='ocrx_word' id='word_1_29' title='bbox 326 1020 456 1109; x_wconf 84' lang='lat' dir='ltr'>quanta</span> <span class='ocrx_word' id='word_1_30' title='bbox 469 1010 520 1082; x_wconf 87' lang='lat' dir='ltr'>ira</span> <span class='ocrx_word' id='word_1_31' title='bbox 535 1010 742 1100; x_wconf 73' lang='lat' dir='ltr'>exardescit,</span> <span class='ocrx_word' id='word_1_32' title='bbox 764 1009 822 1083; x_wconf 92' lang='lat' dir='ltr'>nbi</span> <span class='ocrx_word' id='word_1_33' title='bbox 848 1033 955 1083; x_wconf 88' lang='lat' dir='ltr'>unam</span> <span class='ocrx_word' id='word_1_34' title='bbox 975 1010 1142 1083; x_wconf 90' lang='lat' dir='ltr'>leminam</span> <span class='ocrx_word' id='word_1_35' title='bbox 1162 1032 1219 1084; x_wconf 81' lang='lat' dir='ltr'>cu</span> 
     </span>
     <span class='ocr_line' id='line_1_6' title="bbox 156 1121 1212 1249; baseline -0.006 -26"><span class='ocrx_word' id='word_1_36' title='bbox 156 1151 275 1249; x_wconf 82' lang='lat' dir='ltr'>guerit</span> <span class='ocrx_word' id='word_1_37' title='bbox 300 1146 344 1221; x_wconf 84' lang='lat' dir='ltr'>ab</span> <span class='ocrx_word' id='word_1_38' title='bbox 369 1149 444 1243; x_wconf 92' lang='lat' dir='ltr'>ipso</span> <span class='ocrx_word' id='word_1_39' title='bbox 469 1143 634 1241; x_wconf 77' lang='lat' dir='ltr'>Apolline</span> <span class='ocrx_word' id='word_1_40' title='bbox 658 1143 702 1216; x_wconf 93' lang='lat' dir='ltr'>ad</span> <span class='ocrx_word' id='word_1_41' title='bbox 724 1151 889 1240; x_wconf 76' lang='lat' dir='ltr'>‘stuprum</span> <span class='ocrx_word' id='word_1_42' title='bbox 920 1121 1056 1239; x_wconf 86' lang='lat' dir='ltr'>raptam</span> <span class='ocrx_word' id='word_1_43' title='bbox 1083 1142 1212 1231; x_wconf 89' lang='lat' dir='ltr'>luisse!</span> 
     </span>
     <span class='ocr_line' id='line_1_7' title="bbox 156 1264 1216 1380; baseline -0.008 -23"><span class='ocrx_word' id='word_1_44' title='bbox 156 1289 228 1359; x_wconf 90' lang='lat' dir='ltr'>Nec</span> <span class='ocrx_word' id='word_1_45' title='bbox 242 1285 316 1380; x_wconf 84' lang='lat' dir='ltr'>jam</span> <span class='ocrx_word' id='word_1_46' title='bbox 336 1287 448 1379; x_wconf 86' lang='lat' dir='ltr'>potest</span> <span class='ocrx_word' id='word_1_47' title='bbox 468 1301 539 1352; x_wconf 92' lang='lat' dir='ltr'>non</span> <span class='ocrx_word' id='word_1_48' title='bbox 560 1300 687 1352; x_wconf 91' lang='lat' dir='ltr'>exuere</span> <span class='ocrx_word' id='word_1_49' title='bbox 706 1279 811 1352; x_wconf 85' lang='lat' dir='ltr'>fidem</span> <span class='ocrx_word' id='word_1_50' title='bbox 831 1284 864 1352; x_wconf 90' lang='lat' dir='ltr'>et</span> <span class='ocrx_word' id='word_1_51' title='bbox 885 1277 1049 1375; x_wconf 89' lang='lat' dir='ltr'>pietatem</span> <span class='ocrx_word' id='word_1_52' title='bbox 1064 1299 1135 1373; x_wconf 91' lang='lat' dir='ltr'>qua</span> <span class='ocrx_word' id='word_1_53' title='bbox 1155 1264 1216 1350; x_wconf 92' lang='lat' dir='ltr'>diu</span> 
     </span>
     <span class='ocr_line' id='line_1_8' title="bbox 142 1411 1220 1535; baseline -0.006 -45"><span class='ocrx_word' id='word_1_54' title='bbox 142 1417 347 1535; x_wconf 45' lang='lat' dir='ltr'>,delectatus</span> <span class='ocrx_word' id='word_1_55' title='bbox 362 1413 441 1486; x_wconf 91' lang='lat' dir='ltr'>luit.</span> <span class='ocrx_word' id='word_1_56' title='bbox 466 1416 553 1484; x_wconf 89' lang='lat' dir='ltr'>Nam</span> <span class='ocrx_word' id='word_1_57' title='bbox 575 1418 675 1508; x_wconf 83' lang='lat' dir='ltr'>negat</span> <span class='ocrx_word' id='word_1_58' title='bbox 690 1436 834 1508; x_wconf 81' lang='lat' dir='ltr'>aequum</span> <span class='ocrx_word' id='word_1_59' title='bbox 851 1435 925 1486; x_wconf 90' lang='lat' dir='ltr'>esse</span> <span class='ocrx_word' id='word_1_60' title='bbox 942 1412 1027 1485; x_wconf 90' lang='lat' dir='ltr'>deos</span> <span class='ocrx_word' id='word_1_61' title='bbox 1042 1434 1122 1507; x_wconf 78' lang='lat' dir='ltr'>qua</span> <span class='ocrx_word' id='word_1_62' title='bbox 1138 1411 1220 1507; x_wconf 85' lang='lat' dir='ltr'>jura</span> 
     </span>
    </p>
   </div>
   <div class='ocr_carea' id='block_1_2' title="bbox 157 1546 1220 1762">
    <p class='ocr_par' dir='ltr' id='par_1_2' title="bbox 157 1546 1220 1762">
     <span class='ocr_line' id='line_1_9' title="bbox 157 1546 1220 1647; baseline -0.002 -25"><span class='ocrx_word' id='word_1_63' title='bbox 157 1550 220 1647; x_wconf 92' lang='lat' dir='ltr'>ipsi</span> <span class='ocrx_word' id='word_1_64' title='bbox 243 1547 520 1645; x_wconf 73' lang='lat' dir='ltr'>praescripserint</span> <span class='ocrx_word' id='word_1_65' title='bbox 541 1547 712 1643; x_wconf 92' lang='lat' dir='ltr'>polluere.</span> <span class='ocrx_word' id='word_1_66' title='bbox 735 1549 819 1634; x_wconf 81' lang='lat' dir='ltr'>Quis</span> <span class='ocrx_word' id='word_1_67' title='bbox 829 1559 948 1622; x_wconf 84' lang='lat' dir='ltr'>autem</span> <span class='ocrx_word' id='word_1_68' title='bbox 968 1571 1041 1622; x_wconf 94' lang='lat' dir='ltr'>non</span> <span class='ocrx_word' id='word_1_69' title='bbox 1057 1546 1220 1643; x_wconf 80' lang='lat' dir='ltr'>inlelligit</span> 
     </span>
     <span class='ocr_line' id='line_1_10' title="bbox 158 1663 1215 1762; baseline -0.002 -24"><span class='ocrx_word' id='word_1_70' title='bbox 158 1670 279 1738; x_wconf 92' lang='lat' dir='ltr'>lonem</span> <span class='ocrx_word' id='word_1_71' title='bbox 311 1686 390 1737; x_wconf 86' lang='lat' dir='ltr'>vere</span> <span class='ocrx_word' id='word_1_72' title='bbox 423 1664 617 1736; x_wconf 88' lang='lat' dir='ltr'>humanam</span> <span class='ocrx_word' id='word_1_73' title='bbox 655 1663 907 1739; x_wconf 82' lang='lat' dir='ltr'>conscientiam</span> <span class='ocrx_word' id='word_1_74' title='bbox 954 1670 1215 1762; x_wconf 75' lang='lat' dir='ltr'>repraesentare,</span> 
     </span>
    </p>
   </div>
   <div class='ocr_carea' id='block_1_3' title="bbox 153 1797 1292 2036">
    <p class='ocr_par' dir='ltr' id='par_1_3' title="bbox 153 1797 1292 2036">
     <span class='ocr_line' id='line_1_11' title="bbox 154 1797 1292 1898; baseline -0.005 -25"><span class='ocrx_word' id='word_1_75' title='bbox 154 1825 247 1898; x_wconf 75' lang='lat' dir='ltr'>quae,</span> <span class='ocrx_word' id='word_1_76' title='bbox 269 1799 434 1872; x_wconf 88' lang='lat' dir='ltr'>inanibus</span> <span class='ocrx_word' id='word_1_77' title='bbox 454 1798 582 1872; x_wconf 86' lang='lat' dir='ltr'>fabulis</span> <span class='ocrx_word' id='word_1_78' title='bbox 611 1799 726 1895; x_wconf 91' lang='lat' dir='ltr'>primo</span> <span class='ocrx_word' id='word_1_79' title='bbox 747 1799 939 1895; x_wconf 88' lang='lat' dir='ltr'>implicata,</span> <span class='ocrx_word' id='word_1_80' title='bbox 969 1797 1046 1887; x_wconf 89' lang='lat' dir='ltr'>uhi,</span> <span class='ocrx_word' id='word_1_81' title='bbox 1069 1797 1222 1894; x_wconf 81' lang='lat' dir='ltr'>praelul-</span> <span class='ocrx_word' id='word_1_82' title='bbox 1290 1895 1292 1898; x_wconf 15' lang='grc' dir='ltr'>Ι</span> 
     </span>
     <span class='ocr_line' id='line_1_12' title="bbox 153 1929 1218 2036; baseline -0.004 -30"><span class='ocrx_word' id='word_1_83' title='bbox 153 1939 256 2029; x_wconf 82' lang='lat' dir='ltr'>genle</span> <span class='ocrx_word' id='word_1_84' title='bbox 275 1931 512 2029; x_wconf 86' lang='lat' dir='ltr'>philosophia,</span> <span class='ocrx_word' id='word_1_85' title='bbox 535 1932 710 2029; x_wconf 82' lang='lat' dir='ltr'>perspexit</span> <span class='ocrx_word' id='word_1_86' title='bbox 728 1939 902 2036; x_wconf 91' lang='lat' dir='ltr'>quantum</span> <span class='ocrx_word' id='word_1_87' title='bbox 923 1930 970 2004; x_wconf 93' lang='lat' dir='ltr'>dii</span> <span class='ocrx_word' id='word_1_88' title='bbox 992 1953 1012 2004; x_wconf 87' lang='lat' dir='ltr'>a</span> <span class='ocrx_word' id='word_1_89' title='bbox 1035 1939 1130 2004; x_wconf 86' lang='lat' dir='ltr'>recto</span> <span class='ocrx_word' id='word_1_90' title='bbox 1149 1929 1218 2002; x_wconf 89' lang='lat' dir='ltr'>ab·</span> 
     </span>
    </p>
   </div>
   <div class='ocr_carea' id='block_1_4' title="bbox 134 2066 1312 3768">
    <p class='ocr_par' dir='ltr' id='par_1_4' title="bbox 155 2066 1003 2163">
     <span class='ocr_line' id='line_1_13' title="bbox 155 2066 1003 2163; baseline -0.004 -23"><span class='ocrx_word' id='word_1_91' title='bbox 155 2069 354 2156; x_wconf 85' lang='lat' dir='ltr'>horrerent,</span> <span class='ocrx_word' id='word_1_92' title='bbox 374 2067 471 2139; x_wconf 90' lang='lat' dir='ltr'>istius</span> <span class='ocrx_word' id='word_1_93' title='bbox 485 2066 662 2162; x_wconf 84' lang='lat' dir='ltr'>religionis</span> <span class='ocrx_word' id='word_1_94' title='bbox 679 2067 804 2163; x_wconf 84' lang='lat' dir='ltr'>jugum</span> <span class='ocrx_word' id='word_1_95' title='bbox 824 2066 1003 2140; x_wconf 82' lang='lat' dir='ltr'>excussit?</span> 
     </span>
    </p>

    <p class='ocr_par' dir='ltr' id='par_1_5' title="bbox 150 2195 1312 3500">
     <span class='ocr_line' id='line_1_14' title="bbox 203 2195 1217 2295; baseline -0.001 -22"><span class='ocrx_word' id='word_1_96' title='bbox 203 2205 252 2274; x_wconf 80' lang='lat' dir='ltr'>Ea</span> <span class='ocrx_word' id='word_1_97' title='bbox 271 2208 388 2274; x_wconf 84' lang='lat' dir='ltr'>aulem</span> <span class='ocrx_word' id='word_1_98' title='bbox 419 2200 588 2274; x_wconf 89' lang='lat' dir='ltr'>sincerior</span> <span class='ocrx_word' id='word_1_99' title='bbox 607 2195 808 2274; x_wconf 83' lang='lat' dir='ltr'>divinarum</span> <span class='ocrx_word' id='word_1_100' title='bbox 833 2223 952 2274; x_wconf 90' lang='lat' dir='ltr'>rernm</span> <span class='ocrx_word' id='word_1_101' title='bbox 974 2198 1217 2295; x_wconf 81' lang='lat' dir='ltr'>intelligentia,</span> 
     </span>
     <span class='ocr_line' id='line_1_15' title="bbox 156 2332 1221 2433; baseline -0.004 -25"><span class='ocrx_word' id='word_1_102' title='bbox 156 2360 236 2433; x_wconf 85' lang='lat' dir='ltr'>quae</span> <span class='ocrx_word' id='word_1_103' title='bbox 254 2336 327 2431; x_wconf 92' lang='lat' dir='ltr'>jam</span> <span class='ocrx_word' id='word_1_104' title='bbox 346 2358 388 2408; x_wconf 86' lang='lat' dir='ltr'>cx</span> <span class='ocrx_word' id='word_1_105' title='bbox 408 2333 547 2407; x_wconf 88' lang='lat' dir='ltr'>Pindari</span> <span class='ocrx_word' id='word_1_106' title='bbox 571 2334 790 2407; x_wconf 85' lang='lat' dir='ltr'>carminibus</span> <span class='ocrx_word' id='word_1_107' title='bbox 810 2333 958 2426; x_wconf 74' lang='lat' dir='ltr'>exstat²,</span> <span class='ocrx_word' id='word_1_108' title='bbox 984 2335 1021 2404; x_wconf 94' lang='lat' dir='ltr'>in</span> <span class='ocrx_word' id='word_1_109' title='bbox 1044 2332 1221 2430; x_wconf 85' lang='lat' dir='ltr'>Euripidis</span> 
     </span>
     <span class='ocr_line' id='line_1_16' title="bbox 157 2465 1221 2562; baseline -0.003 -21"><span class='ocrx_word' id='word_1_110' title='bbox 157 2467 286 2554; x_wconf 86' lang='lat' dir='ltr'>sabulis</span> <span class='ocrx_word' id='word_1_111' title='bbox 301 2466 492 2562; x_wconf 88' lang='lat' dir='ltr'>conspicua</span> <span class='ocrx_word' id='word_1_112' title='bbox 510 2473 574 2539; x_wconf 89' lang='lat' dir='ltr'>est.</span> <span class='ocrx_word' id='word_1_113' title='bbox 598 2468 672 2541; x_wconf 87' lang='lat' dir='ltr'>Nec</span> <span class='ocrx_word' id='word_1_114' title='bbox 689 2465 778 2537; x_wconf 91' lang='lat' dir='ltr'>mihi</span> <span class='ocrx_word' id='word_1_115' title='bbox 801 2465 951 2546; x_wconf 93' lang='lat' dir='ltr'>dubium</span> <span class='ocrx_word' id='word_1_116' title='bbox 971 2473 1022 2537; x_wconf 91' lang='lat' dir='ltr'>est</span> <span class='ocrx_word' id='word_1_117' title='bbox 1038 2465 1124 2560; x_wconf 92' lang='lat' dir='ltr'>quin</span> <span class='ocrx_word' id='word_1_118' title='bbox 1143 2488 1221 2538; x_wconf 91' lang='lat' dir='ltr'>eam</span> 
     </span>
     <span class='ocr_line' id='line_1_17' title="bbox 155 2583 1225 2700; baseline -0.005 -25"><span class='ocrx_word' id='word_1_119' title='bbox 155 2601 329 2700; x_wconf 68' lang='lat' dir='ltr'>imprimis</span> <span class='ocrx_word' id='word_1_120' title='bbox 349 2624 392 2674; x_wconf 72' lang='lat' dir='ltr'>ex</span> <span class='ocrx_word' id='word_1_121' title='bbox 412 2583 586 2675; x_wconf 65' lang='lat' dir='ltr'>socratica</span> <span class='ocrx_word' id='word_1_122' title='bbox 605 2601 792 2697; x_wconf 75' lang='lat' dir='ltr'>arsupuna</span> <span class='ocrx_word' id='word_1_123' title='bbox 812 2599 981 2672; x_wconf 73' lang='lat' dir='ltr'>nauseat.</span> <span class='ocrx_word' id='word_1_124' title='bbox 1003 2598 1109 2673; x_wconf 86' lang='lat' dir='ltr'>uuu</span> <span class='ocrx_word' id='word_1_125' title='bbox 1128 2599 1225 2672; x_wconf 76' lang='lat' dir='ltr'>eum</span> 
     </span>
     <span class='ocr_line' id='line_1_18' title="bbox 156 2731 1312 2831; baseline -0.003 -26"><span class='ocrx_word' id='word_1_126' title='bbox 156 2735 262 2808; x_wconf 91' lang='lat' dir='ltr'>modo</span> <span class='ocrx_word' id='word_1_127' title='bbox 281 2735 350 2807; x_wconf 90' lang='lat' dir='ltr'>dici</span> <span class='ocrx_word' id='word_1_128' title='bbox 373 2741 485 2831; x_wconf 82' lang='lat' dir='ltr'>potest</span> <span class='ocrx_word' id='word_1_129' title='bbox 504 2733 706 2830; x_wconf 84' lang='lat' dir='ltr'>Euripidem</span> <span class='ocrx_word' id='word_1_130' title='bbox 728 2731 878 2829; x_wconf 83' lang='lat' dir='ltr'>vulgaris</span> <span class='ocrx_word' id='word_1_131' title='bbox 901 2731 1075 2828; x_wconf 87' lang='lat' dir='ltr'>opinionis</span> <span class='ocrx_word' id='word_1_132' title='bbox 1105 2731 1219 2805; x_wconf 89' lang='lat' dir='ltr'>inter·</span> <span class='ocrx_word' id='word_1_133' title='bbox 1310 2812 1312 2816; x_wconf 12' lang='grc' dir='ltr'><em>Α</em></span> 
     </span>
     <span class='ocr_line' id='line_1_19' title="bbox 155 2865 1218 2963; baseline -0.002 -25"><span class='ocrx_word' id='word_1_134' title='bbox 155 2875 289 2963; x_wconf 86' lang='lat' dir='ltr'>pretem</span> <span class='ocrx_word' id='word_1_135' title='bbox 314 2867 433 2940; x_wconf 87' lang='lat' dir='ltr'>luisse.</span> <span class='ocrx_word' id='word_1_136' title='bbox 457 2869 545 2939; x_wconf 87' lang='lat' dir='ltr'>Nam</span> <span class='ocrx_word' id='word_1_137' title='bbox 565 2867 694 2963; x_wconf 93' lang='lat' dir='ltr'>primo,</span> <span class='ocrx_word' id='word_1_138' title='bbox 718 2874 755 2938; x_wconf 92' lang='lat' dir='ltr'>nt</span> <span class='ocrx_word' id='word_1_139' title='bbox 785 2865 1020 2938; x_wconf 83' lang='lat' dir='ltr'>antedictum</span> <span class='ocrx_word' id='word_1_140' title='bbox 1050 2872 1114 2950; x_wconf 93' lang='lat' dir='ltr'>est,</span> <span class='ocrx_word' id='word_1_141' title='bbox 1147 2888 1218 2938; x_wconf 92' lang='lat' dir='ltr'>non</span> 
     </span>
     <span class='ocr_line' id='line_1_20' title="bbox 154 2990 1223 3096; baseline 0.001 -25"><span class='ocrx_word' id='word_1_142' title='bbox 154 3000 241 3073; x_wconf 87' lang='lat' dir='ltr'>adeo</span> <span class='ocrx_word' id='word_1_143' title='bbox 270 2999 450 3074; x_wconf 83' lang='lat' dir='ltr'>luculente</span> <span class='ocrx_word' id='word_1_144' title='bbox 478 2999 619 3073; x_wconf 85' lang='lat' dir='ltr'>dixisset</span> <span class='ocrx_word' id='word_1_145' title='bbox 648 3007 763 3096; x_wconf 81' lang='lat' dir='ltr'>poeta,</span> <span class='ocrx_word' id='word_1_146' title='bbox 787 2999 852 3071; x_wconf 88' lang='lat' dir='ltr'>nisi</span> <span class='ocrx_word' id='word_1_147' title='bbox 879 3000 1038 3072; x_wconf 85' lang='lat' dir='ltr'>doctrina</span> <span class='ocrx_word' id='word_1_148' title='bbox 1056 2990 1223 3095; x_wconf 72' lang='lat' dir='ltr'>philoso-v</span> 
     </span>
     <span class='ocr_line' id='line_1_21' title="bbox 153 3133 1221 3232; baseline 0.002 -26"><span class='ocrx_word' id='word_1_149' title='bbox 153 3135 257 3230; x_wconf 86' lang='lat' dir='ltr'>phiea</span> <span class='ocrx_word' id='word_1_150' title='bbox 272 3136 394 3209; x_wconf 88' lang='lat' dir='ltr'>luisset</span> <span class='ocrx_word' id='word_1_151' title='bbox 414 3133 572 3208; x_wconf 89' lang='lat' dir='ltr'>imbutus</span> <span class='ocrx_word' id='word_1_152' title='bbox 580 3162 589 3222; x_wconf 93' lang='lat'>;</span> <span class='ocrx_word' id='word_1_153' title='bbox 605 3135 734 3208; x_wconf 93' lang='lat' dir='ltr'>deinde</span> <span class='ocrx_word' id='word_1_154' title='bbox 754 3136 833 3232; x_wconf 90' lang='lat' dir='ltr'>quis</span> <span class='ocrx_word' id='word_1_155' title='bbox 851 3135 1038 3208; x_wconf 85' lang='lat' dir='ltr'>crediderit</span> <span class='ocrx_word' id='word_1_156' title='bbox 1055 3158 1136 3208; x_wconf 93' lang='lat' dir='ltr'>suos</span> <span class='ocrx_word' id='word_1_157' title='bbox 1153 3136 1221 3208; x_wconf 92' lang='lat' dir='ltr'>diis</span> 
     </span>
     <span class='ocr_line' id='line_1_22' title="bbox 153 3249 1217 3365; baseline -0.001 -23"><span class='ocrx_word' id='word_1_158' title='bbox 153 3275 338 3365; x_wconf 87' lang='lat' dir='ltr'>corruptos</span> <span class='ocrx_word' id='word_1_159' title='bbox 358 3289 474 3341; x_wconf 91' lang='lat' dir='ltr'>mores</span> <span class='ocrx_word' id='word_1_160' title='bbox 501 3266 604 3364; x_wconf 80' lang='lat' dir='ltr'>vulgo</span> <span class='ocrx_word' id='word_1_161' title='bbox 641 3269 783 3341; x_wconf 87' lang='lat' dir='ltr'>crimini</span> <span class='ocrx_word' id='word_1_162' title='bbox 824 3269 934 3359; x_wconf 84' lang='lat' dir='ltr'>datos,</span> <span class='ocrx_word' id='word_1_163' title='bbox 967 3249 1037 3363; x_wconf 86' lang='lat' dir='ltr'>qua</span> <span class='ocrx_word' id='word_1_164' title='bbox 1065 3267 1217 3341; x_wconf 86' lang='lat' dir='ltr'>maxime</span> 
     </span>
     <span class='ocr_line' id='line_1_23' title="bbox 150 3402 1217 3500; baseline -0.001 -25"><span class='ocrx_word' id='word_1_165' title='bbox 150 3412 251 3477; x_wconf 80' lang='lat' dir='ltr'>alate</span> <span class='ocrx_word' id='word_1_166' title='bbox 270 3404 306 3475; x_wconf 92' lang='lat' dir='ltr'>in</span> <span class='ocrx_word' id='word_1_167' title='bbox 326 3405 426 3500; x_wconf 89' lang='lat' dir='ltr'>pejus</span> <span class='ocrx_word' id='word_1_168' title='bbox 445 3402 578 3500; x_wconf 91' lang='lat' dir='ltr'>publici</span> <span class='ocrx_word' id='word_1_169' title='bbox 598 3425 715 3477; x_wconf 91' lang='lat' dir='ltr'>mores</span> <span class='ocrx_word' id='word_1_170' title='bbox 742 3403 926 3477; x_wconf 79' lang='lat' dir='ltr'>abierant?</span> <span class='ocrx_word' id='word_1_171' title='bbox 960 3405 1008 3475; x_wconf 86' lang='lat' dir='ltr'>Ex</span> <span class='ocrx_word' id='word_1_172' title='bbox 1026 3427 1096 3498; x_wconf 92' lang='lat' dir='ltr'>quo</span> <span class='ocrx_word' id='word_1_173' title='bbox 1123 3403 1217 3476; x_wconf 88' lang='lat' dir='ltr'>haud</span> 
     </span>
    </p>

    <p class='ocr_par' dir='ltr' id='par_1_6' title="bbox 134 3536 1217 3768">
     <span class='ocr_line' id='line_1_24' title="bbox 134 3536 1217 3633; baseline -0.001 -24"><span class='ocrx_word' id='word_1_174' title='bbox 134 3545 280 3613; x_wconf 72' lang='lat' dir='ltr'>&#39;temere</span> <span class='ocrx_word' id='word_1_175' title='bbox 299 3539 428 3611; x_wconf 84' lang='lat' dir='ltr'>inseras</span> <span class='ocrx_word' id='word_1_176' title='bbox 449 3539 614 3626; x_wconf 86' lang='lat' dir='ltr'>Socratis,</span> <span class='ocrx_word' id='word_1_177' title='bbox 637 3561 707 3611; x_wconf 93' lang='lat' dir='ltr'>non</span> <span class='ocrx_word' id='word_1_178' title='bbox 726 3536 833 3632; x_wconf 80' lang='lat' dir='ltr'>vulgi,</span> <span class='ocrx_word' id='word_1_179' title='bbox 855 3536 1061 3633; x_wconf 89' lang='lat' dir='ltr'>opinionem</span> <span class='ocrx_word' id='word_1_180' title='bbox 1079 3536 1116 3609; x_wconf 94' lang='lat' dir='ltr'>in</span> <span class='ocrx_word' id='word_1_181' title='bbox 1137 3537 1217 3633; x_wconf 93' lang='lat' dir='ltr'>plu-</span> 
     </span>
     <span class='ocr_line' id='line_1_25' title="bbox 151 3670 1112 3768; baseline 0.001 -25"><span class='ocrx_word' id='word_1_182' title='bbox 151 3671 248 3744; x_wconf 88' lang='lat' dir='ltr'>ribus</span> <span class='ocrx_word' id='word_1_183' title='bbox 262 3671 348 3745; x_wconf 92' lang='lat' dir='ltr'>locis</span> <span class='ocrx_word' id='word_1_184' title='bbox 364 3672 613 3767; x_wconf 71' lang='lat' dir='ltr'>tragediarum</span> <span class='ocrx_word' id='word_1_185' title='bbox 636 3671 812 3767; x_wconf 86' lang='lat' dir='ltr'>Euripidis</span> <span class='ocrx_word' id='word_1_186' title='bbox 832 3670 976 3768; x_wconf 87' lang='lat' dir='ltr'>reperiri</span> <span class='ocrx_word' id='word_1_187' title='bbox 997 3694 1112 3767; x_wconf 89' lang='lat' dir='ltr'>posse.</span> 
     </span>
    </p>
   </div>
   <div class='ocr_carea' id='block_1_5' title="bbox 187 3947 758 4013">
    <p class='ocr_par' dir='ltr' id='par_1_7' title="bbox 187 3947 758 4013">
     <span class='ocr_line' id='line_1_26' title="bbox 187 3947 758 4013; baseline 0 -18"><span class='ocrx_word' id='word_1_188' title='bbox 187 3951 207 3995; x_wconf 87' lang='lat' dir='ltr'>l.</span> <span class='ocrx_word' id='word_1_189' title='bbox 223 3947 253 3994; x_wconf 84' lang='lat' dir='ltr'>ld</span> <span class='ocrx_word' id='word_1_190' title='bbox 266 3962 289 3995; x_wconf 83' lang='lat' dir='ltr'>v.</span> <span class='ocrx_word' id='word_1_191' title='bbox 304 3951 334 3998; x_wconf 74' lang='lat'>82</span> <span class='ocrx_word' id='word_1_192' title='bbox 351 3950 377 3996; x_wconf 86' lang='lat' dir='ltr'>et</span> <span class='ocrx_word' id='word_1_193' title='bbox 390 3959 448 4009; x_wconf 81' lang='lat' dir='ltr'>sqq.</span> <span class='ocrx_word' id='word_1_194' title='bbox 463 3973 491 3981; x_wconf 93' lang='lat'>-</span> <span class='ocrx_word' id='word_1_195' title='bbox 507 3949 530 3996; x_wconf 79' lang='lat'>2.</span> <span class='ocrx_word' id='word_1_196' title='bbox 548 3947 648 4013; x_wconf 76' lang='lat' dir='ltr'>Olpurp.</span> <span class='ocrx_word' id='word_1_197' title='bbox 666 3963 672 3997; x_wconf 90' lang='grc' dir='ltr'>ι</span> <span class='ocrx_word' id='word_1_198' title='bbox 688 3951 714 3997; x_wconf 85' lang='lat' dir='ltr'>et</span> <span class='ocrx_word' id='word_1_199' title='bbox 726 3963 758 3998; x_wconf 82' lang='lat' dir='ltr'>rx.</span> 
     </span>
    </p>
   </div>
   <div class='ocr_carea' id='block_1_6' title="bbox 0 0 1358 4718">
    <p class='ocr_par' dir='ltr' id='par_1_8' title="bbox 0 0 1358 4718">
     <span class='ocr_line' id='line_1_27' title="bbox 0 0 1358 4718; baseline 0 0"><span class='ocrx_word' id='word_1_200' title='bbox 0 0 1358 4718; x_wconf 95' lang='lat' dir='ltr'> </span> 
     </span>
    </p>
   </div>
  </div>
 </body>
</html>
