2706 4718
651 430 843 495 ..72-

220 577 334 675 jubel,
359 600 470 674 quum
489 577 563 673 lpse
578 581 647 663 μετὰ
661 584 744 654 καλῆς
757 581 869 656 ἐλπίδος,
887 581 963 652 ἵλεώς
977 606 1007 643 τε
1021 583 1066 643 xci
1082 581 1192 662 0111161111
1207 599 1281 649 esse

223 711 330 811 soleat
348 731 372 782 ¹.
399 711 582 807 Euripides
605 716 727 782 contra
750 709 840 782 nihil
864 708 971 782 habet
993 709 1087 782 uude
1112 710 1158 783 ad
1184 733 1280 808 spem

223 868 298 919 sese
327 845 461 940 erigant
486 843 645 918 labantes
675 843 786 918 animi
814 850 848 916 01
877 841 1032 932 infracti,
1066 865 1183 939 neque
1209 844 1283 939 ipse

221 993 268 1060 τῆς
281 988 364 1060 καλῆς
378 984 480 1054 ἐλπίδος
497 977 671 1074 particeps
691 976 798 1050 luisse
812 975 961 1062 videtur,
986 975 1046 1072 qui
1066 975 1283 1066 0001111110-

223 1120 277 1185 tus
291 1119 341 1184 est
361 1118 394 1184 et
414 1117 562 1199 μισογεἊωςΙ
575 1121 600 1184 ².
622 1115 841 1208 Quapropter
859 1110 962 1205 longe
980 1109 1078 1183 abest
1099 1107 1284 1205 Euripides

223 1248 267 1321 ab
288 1247 349 1321 illa
367 1247 477 1331 animi
498 1247 672 1322 Socratica
686 1245 943 1343 tranquillitate
959 1250 993 1317 et
1011 1243 1219 1317 constantia.
1241 1242 1278 1316 Si

223 1380 475 1478 philosophum
495 1381 671 1470 audimus,
692 1380 759 1453 1110
774 1378 962 1452 hominum
980 1376 1187 1473 quotidiana
1209 1398 1285 1449 mo-

163 1595 166 1600 ,
192 1575 195 1581 .
224 1537 303 1585 rum
324 1513 508 1610 disciplina
527 1520 578 1587 est
597 1520 631 1586 et
654 1513 753 1609 quasi
777 1511 939 1608 palaestra
960 1510 1111 1582 virtutis.
1144 1510 1180 1583 Si
1204 1531 1286 1583 1010

223 1654 376 1743 poetam,
398 1639 531 1720 incerta
554 1623 718 1742 quedam
736 1653 770 1718 et
796 1667 888 1718 caeca
906 1645 973 1733 via,
1001 1666 1108 1747 quam
1137 1643 1284 1740 optabi—

222 1779 291 1852 lius
318 1779 382 1852 luit
407 1801 478 1851 non
505 1780 655 1874 ingredi,
691 1787 725 1852 et
752 1780 861 1867 unde,
891 1779 919 1851 si
937 1777 1072 1874 gravior
1100 1778 1176 1865 fiat,
1204 1777 1287 1850 licet

223 1917 337 1985 morte
357 1912 554 1986 voluntaria
580 1913 747 2010 effugere.
772 1913 944 2017 Sapientis
962 1887 1011 1985 est
1034 1911 1143 2006 igitur
1168 1911 1285 2007 inglo-

224 2044 311 2117 riam
334 2045 436 2117 vitam
458 2046 583 2142 degere
605 2048 752 2120 coinon
774 2047 925 2119 invideat
946 2047 1099 2118 fortuna
1127 2048 1204 2120 lmo
1224 2048 1284 2142 qui

145 2181 150 2192 '
224 2179 401 2251 continuis
422 2180 590 2252 aerumnis
610 2187 690 2253 sunt
716 2180 858 2253 exerciti
881 2202 923 2252 eo
947 2180 1055 2254 beatis
1077 2179 1160 2253 viris
1189 2205 1284 2277 pree-

223 2321 313 2387 stant
328 2315 424 2410 quod
437 2315 541 2406 mala,
561 2315 775 2411 quibuscum
795 2316 894 2411 quasi
909 2315 1281 2400 societateminierint,

224 2439 326 2518 sarilo
353 2447 503 2520 tolerant
520 2445 544 2521 ³.
578 2449 753 2533 Quoniam
775 2471 856 2521 vero
876 2448 998 2520 nullus
1018 2448 1224 2521 mortalium
1245 2473 1286 2524 ea

224 2579 358 2675 magica
378 2583 508 2656 invenit
528 2561 686 2656 carmina
704 2583 832 2680 quibus
844 2581 956 2664 animi
971 2581 1144 2677 aegritudo
1165 2581 1286 2678 expel-

116 2741 118 2747 ·
155 2733 157 2737 ’
224 2714 368 2805 1010101,
399 2715 500 2791 nulla
526 2724 577 2790 est
597 2718 664 2790 nisi
686 2717 827 2791 dolendi
848 2716 1008 2812 voluptas
1027 2739 1107 2813 quae
1127 2715 1285 2810 aliquam

167 2855 170 2861 '
223 2847 344 2920 saltem
363 2846 490 2922 habeat
507 2850 684 2924 malorum
697 2851 918 2924 levationem.
942 2850 1028 2923 lude
1044 2871 1087 2921 ex
1103 2851 1180 2944 ejus
1201 2872 1286 2922 car-

223 2979 379 3052 minibus
402 2983 519 3055 1100010
539 2983 626 3078 quid
646 2985 776 3057 exsistit
803 2984 910 3057 molle
930 2993 962 3058 01
989 2985 1194 3057 luctuosum
1214 3007 1285 3080 quo

223 3115 330 3187 animi
358 3115 579 3191 delectentur
609 3117 789 3214 iidemque
823 3119 1053 3208 resolvantur,
1094 3119 1157 3191 sed
1184 3121 1283 3214 quod

223 3249 344 3344 utique
364 3272 384 3322 a
404 3251 580 3325 Socratica
596 3252 792 3325 constantia
808 3252 1005 3349 plurimum
1021 3253 1200 3326 dissideat.

255 3495 276 3539 1.
291 3491 329 3540 De
347 3493 406 3556 uep.
426 3494 443 3542 l.
460 3495 479 3556 l,
493 3508 528 3546 11.
543 3524 572 3532 -
587 3499 610 3546 2.
624 3495 770 3546 11111111οΙ1
791 3495 863 3545 Noct.
878 3495 931 3571 dit.
948 3495 964 3544 l.
981 3495 1032 3556 XV,
1048 3508 1071 3544 c.
1086 3507 1125 3542 rx.
1141 3516 1170 3528 -·
1185 3496 1209 3542 3.
1226 3495 1283 3558 lplr.

222 3570 249 3617 in
265 3568 338 3619 Tuur.
352 3585 377 3621 1.
392 3575 460 3622 trel.
882 3576 885 3583 '
