2706 4718
573 431 768 504 ..29-

333 583 431 639 Colere
447 578 585 652 (seilicet)
603 581 671 636 deos
688 597 694 636 :
712 581 762 653 qui
776 597 842 635 vero
860 579 1006 634 dissuadet

335 669 467 726 Proxime
483 669 659 724 dementiam
673 673 812 737 versatur,

335 762 429 826 Quum
443 760 595 814 manifesta
608 760 665 814 sint
679 760 852 815 documenta

333 850 397 903 Haee
413 865 418 902 :
435 848 545 903 illustre
561 848 638 902 enim
652 849 781 921 proiecto

333 938 408 992 Dens
422 937 575 992 hortamen
585 936 643 1005 dat,

334 1026 538 1098 Improbornm
552 1026 710 1082 minuendo
798 1064 802 1069 -

336 1115 505 1187 Superbiam
520 1133 634 1188 semper
648 1128 667 1172 ¹.

189 1259 269 1333 Soio
297 1258 459 1354 equidem
486 1257 676 1332 nonnullas
698 1256 875 1354 Euripidis
894 1280 1060 1356 personas
1081 1257 1205 1331 admo·
1264 1276 1268 1283 ·

142 1395 227 1467 dum
247 1392 422 1466 eonlraria
440 1391 612 1488 proferre,
635 1416 716 1489 quae
739 1392 787 1465 rei
814 1399 848 1466 ei
867 1395 1024 1490 ipsorum
1046 1392 1206 1466 moribus

142 1526 393 1622 respondeant.
412 1526 485 1598 Neo
501 1524 614 1596 miror
634 1551 642 1596 :
661 1548 743 1598 nam
762 1527 800 1597 in
819 1525 948 1598 sabulis
968 1533 1005 1597 ui
1026 1524 1095 1598 alia
1111 1525 1199 1599 aiio·-

143 1683 222 1735 rum
249 1660 417 1749 conditio,
447 1667 481 1733 ei
503 1657 599 1731 aliud
625 1659 702 1731 aliis
723 1659 876 1755 expedit,-
902 1660 949 1732 ita
969 1666 1002 1731 ei
1022 1659 1204 1731 sententia

144 1802 277 1868 certare
292 1794 383 1867 inler
400 1816 435 1867 se
450 1800 483 1865 ot
499 1793 598 1888 quasi
615 1793 735 1866 c'oliidi
753 1793 877 1867 soieni.
899 1793 936 1865 ld
954 1799 1072 1864 autem
1087 1799 1205 1864 osten-

146 1930 238 2002 disse
256 1926 338 1999 saiis
357 1933 407 1999 est
419 1925 462 1997 ab
487 1914 689 2022 Euripideis
708 1926 869 2022 personis
882 1950 927 2023 pu
936 1949 972 1998 ra
987 1900 1208 2021 incorrupta-

147 2085 216 2159 que
245 2084 385 2135 morum
414 2067 588 2158 praesepia
607 2083 678 2133 non
701 2061 809 2134 semel
838 2060 1016 2157 usurpari.
1051 2063 1122 2132 Neo
1143 2084 1207 2131 su-

148 2219 360 2294 pervacuum
390 2195 521 2268 addere
548 2195 756 2290 hujusmodi
778 2196 971 2269 sententias
999 2195 1212 2291 plerumque

144 2350 164 2400 a
184 2327 294 2402 choro
309 2328 529 2422 pronuntiari
546 2329 621 2424 qui,
645 2352 757 2424 quum
774 2329 817 2401 ad
839 2337 981 2403 neutras
1002 2336 1116 2425 paries
1131 2351 1213 2402 ora·
1243 2428 1248 2439 ⁸

145 2462 279 2563 iionem
291 2484 390 2534 suam
403 2461 673 2536 accommodare
692 2472 851 2562 cogatur,
865 2485 906 2536 ea
918 2486 999 2560 quae
1018 2463 1093 2559 ipse
1106 2457 1210 2558 poeta

147 2593 292 2667 senserit
313 2578 769 2690 sincerius.iuterpretatur.

192 2726 527 2822 Confitemnrigiiur
538 2750 692 2800 nonrsse
703 2727 998 2801 curelamitemus
1013 2754 1020 2802 :
1043 2729 1113 2802 «Ea
1127 2735 1210 2802 sunt

151 2883 293 2957 prorsus
306 2883 385 2956 quae
405 2857 532 2932 fabulis
549 2869 660 2956 poetae
670 2863 828 2935 Socrates
843 2862 918 2959 ipse
931 2862 1133 2936 intortexuil
1155 2867 1163 2934 i
1186 2894 1201 2930 s

146 3000 222 3082 Ouo
242 2996 332 3068 nihii
351 2997 490 3070 videlur
506 2995 704 3092 superbius,
742 2999 918 3094 Suspieari
939 3006 1057 3072 tamen
1078 3021 1201 3096 possu-

146 3153 222 3202 mus
264 3136 399 3203 oertum
430 3131 610 3224 quoddam
646 3132 829 3228 vestigium
856 3132 1044 3205 Socratica
1068 3154 1211 3206 morum

147 3263 343 3360 disciplinae
360 3263 540 3358 Euripidis
564 3264 710 3337 forsitan
741 3264 843 3336 inscii
867 3265 987 3339 animo
1007 3275 1040 3339 et
1061 3265 1212 3338 subinde

145 3393 363 3469 carminibus
391 3395 534 3470 haesisse
563 3423 571 3470 :
604 3399 700 3492 quod
726 3398 870 3493 quidem
901 3424 965 3476 nos
986 3402 1092 3495 juvai·
1111 3425 1213 3474 seru-

148 3526 213 3598 tari
242 3535 275 3600 ei
294 3528 476 3624 persequi.

196 3665 410 3736 3.·-Nunc
440 3670 617 3736 variamur
645 3665 689 3738 ad
721 3666 757 3737 id
783 3667 879 3760 quod
903 3664 1212 3766 err-philosophia

146 3792 335 3867 visceribus
351 3793 445 3865 haud
467 3795 630 3892 ambiguo
649 3806 810 3871 exortum
830 3807 880 3872 esi
898 3824 905 3872 :
925 3799 1003 3896 quis
1022 3802 1118 3876 enim
1135 3826 1214 3876 cou-

180 4107 201 4154 1.
218 4102 319 4152 dierucl.
332 4118 357 4154 v.
374 4106 489 4155 aur-91⁰.
