<?xml version="1.0" encoding="UTF-8"?>
<!DOCTYPE html PUBLIC "-//W3C//DTD XHTML 1.0 Transitional//EN"
    "http://www.w3.org/TR/xhtml1/DTD/xhtml1-transitional.dtd">
<html xmlns="http://www.w3.org/1999/xhtml" xml:lang="en" lang="en">
 <head>
  <title>
</title>
<meta http-equiv="Content-Type" content="text/html;charset=utf-8" />
  <meta name='ocr-system' content='tesseract 3.04.00' />
  <meta name='ocr-capabilities' content='ocr_page ocr_carea ocr_par ocr_line ocrx_word'/>
</head>
<body>
  <div class='ocr_page' id='page_1' title='image "./desocraticaedoc00feuggoog_0040.png"; bbox 0 0 2706 4718; ppageno 0'>
   <div class='ocr_carea' id='block_1_1' title="bbox 140 427 1210 2267">
    <p class='ocr_par' dir='ltr' id='par_1_1' title="bbox 140 427 1210 2025">
     <span class='ocr_line' id='line_1_1' title="bbox 578 427 770 495; baseline 0.01 -21"><span class='ocrx_word' id='word_1_1' title='bbox 578 464 625 474; x_wconf 84' lang='lat'>..</span> <span class='ocrx_word' id='word_1_2' title='bbox 652 427 696 495; x_wconf 84' lang='lat'>33</span> <span class='ocrx_word' id='word_1_3' title='bbox 724 464 770 476; x_wconf 85' lang='grc'><strong>-</strong></span> 
     </span>
     <span class='ocr_line' id='line_1_2' title="bbox 143 572 1206 671; baseline -0.001 -24"><span class='ocrx_word' id='word_1_4' title='bbox 143 575 200 647; x_wconf 90' lang='lat' dir='ltr'>Sic</span> <span class='ocrx_word' id='word_1_5' title='bbox 227 595 307 645; x_wconf 87' lang='lat' dir='ltr'>vere</span> <span class='ocrx_word' id='word_1_6' title='bbox 340 572 490 645; x_wconf 88' lang='lat' dir='ltr'>Socratis</span> <span class='ocrx_word' id='word_1_7' title='bbox 523 581 574 646; x_wconf 89' lang='lat' dir='ltr'>est</span> <span class='ocrx_word' id='word_1_8' title='bbox 600 591 719 671; x_wconf 62' lang='lat' dir='ltr'>opto</span> <span class='ocrx_word' id='word_1_9' title='bbox 737 590 845 652; x_wconf 68' lang='grc' dir='ltr'>σεαυτόν</span> <span class='ocrx_word' id='word_1_10' title='bbox 880 583 917 645; x_wconf 93' lang='lat' dir='ltr'>ut</span> <span class='ocrx_word' id='word_1_11' title='bbox 948 573 1132 670; x_wconf 89' lang='lat' dir='ltr'>proprium</span> <span class='ocrx_word' id='word_1_12' title='bbox 1155 582 1206 647; x_wconf 89' lang='lat' dir='ltr'>est</span> 
     </span>
     <span class='ocr_line' id='line_1_3' title="bbox 142 710 1203 809; baseline 0.002 -27"><span class='ocrx_word' id='word_1_13' title='bbox 142 732 283 806; x_wconf 88' lang='lat' dir='ltr'>quoque</span> <span class='ocrx_word' id='word_1_14' title='bbox 305 710 411 782; x_wconf 87' lang='lat' dir='ltr'>nostri</span> <span class='ocrx_word' id='word_1_15' title='bbox 433 711 576 784; x_wconf 86' lang='lat' dir='ltr'>Cartesii</span> <span class='ocrx_word' id='word_1_16' title='bbox 597 710 737 786; x_wconf 82' lang='lat' dir='ltr'>celebre</span> <span class='ocrx_word' id='word_1_17' title='bbox 757 712 848 786; x_wconf 91' lang='lat' dir='ltr'>illud</span> <span class='ocrx_word' id='word_1_18' title='bbox 869 715 984 809; x_wconf 71' lang='lat' dir='ltr'>copito</span> <span class='ocrx_word' id='word_1_19' title='bbox 1008 735 1088 808; x_wconf 73' lang='lat' dir='ltr'>erpo</span> <span class='ocrx_word' id='word_1_20' title='bbox 1112 736 1203 801; x_wconf 78' lang='lat' dir='ltr'>sunt,</span> 
     </span>
     <span class='ocr_line' id='line_1_4' title="bbox 143 844 1207 943; baseline 0.002 -27"><span class='ocrx_word' id='word_1_21' title='bbox 143 844 301 938; x_wconf 86' lang='lat' dir='ltr'>quamvis</span> <span class='ocrx_word' id='word_1_22' title='bbox 331 850 478 940; x_wconf 88' lang='lat' dir='ltr'>utraque</span> <span class='ocrx_word' id='word_1_23' title='bbox 508 846 681 919; x_wconf 88' lang='lat' dir='ltr'>sententia</span> <span class='ocrx_word' id='word_1_24' title='bbox 706 845 750 919; x_wconf 93' lang='lat' dir='ltr'>ab</span> <span class='ocrx_word' id='word_1_25' title='bbox 776 853 927 942; x_wconf 90' lang='lat' dir='ltr'>utroque</span> <span class='ocrx_word' id='word_1_26' title='bbox 951 869 1022 940; x_wconf 82' lang='lat' dir='ltr'>pon</span> <span class='ocrx_word' id='word_1_27' title='bbox 1050 847 1207 943; x_wconf 88' lang='lat' dir='ltr'>primum</span> 
     </span>
     <span class='ocr_line' id='line_1_5' title="bbox 140 976 1208 1076; baseline 0 -27"><span class='ocrx_word' id='word_1_28' title='bbox 140 976 275 1076; x_wconf 87' lang='lat' dir='ltr'>prolata</span> <span class='ocrx_word' id='word_1_29' title='bbox 304 978 431 1065; x_wconf 81' lang='lat' dir='ltr'>luerit3</span> <span class='ocrx_word' id='word_1_30' title='bbox 465 978 526 1052; x_wconf 86' lang='lat' dir='ltr'>scd</span> <span class='ocrx_word' id='word_1_31' title='bbox 559 1002 670 1074; x_wconf 91' lang='lat' dir='ltr'>quum</span> <span class='ocrx_word' id='word_1_32' title='bbox 699 985 737 1052; x_wconf 93' lang='lat' dir='ltr'>ut</span> <span class='ocrx_word' id='word_1_33' title='bbox 772 980 946 1053; x_wconf 87' lang='lat' dir='ltr'>Cartesius</span> <span class='ocrx_word' id='word_1_34' title='bbox 975 979 1023 1052; x_wconf 92' lang='lat' dir='ltr'>ita</span> <span class='ocrx_word' id='word_1_35' title='bbox 1048 981 1208 1052; x_wconf 76' lang='lat' dir='ltr'>Socrates</span> 
     </span>
     <span class='ocr_line' id='line_1_6' title="bbox 142 1108 1207 1209; baseline 0.001 -26"><span class='ocrx_word' id='word_1_36' title='bbox 142 1111 248 1208; x_wconf 88' lang='lat' dir='ltr'>primi</span> <span class='ocrx_word' id='word_1_37' title='bbox 269 1111 472 1206; x_wconf 87' lang='lat' dir='ltr'>aperuerint</span> <span class='ocrx_word' id='word_1_38' title='bbox 490 1113 664 1209; x_wconf 86' lang='lat' dir='ltr'>quidquid</span> <span class='ocrx_word' id='word_1_39' title='bbox 690 1112 870 1187; x_wconf 91' lang='lat' dir='ltr'>inclusum</span> <span class='ocrx_word' id='word_1_40' title='bbox 892 1112 1125 1209; x_wconf 87' lang='lat' dir='ltr'>abditumque</span> <span class='ocrx_word' id='word_1_41' title='bbox 1150 1108 1207 1184; x_wconf 90' lang='lat' dir='ltr'>his</span> 
     </span>
     <span class='ocr_line' id='line_1_7' title="bbox 143 1242 1208 1344; baseline 0.004 -30"><span class='ocrx_word' id='word_1_42' title='bbox 143 1242 245 1316; x_wconf 83' lang='lat' dir='ltr'>dictis</span> <span class='ocrx_word' id='word_1_43' title='bbox 265 1244 434 1335; x_wconf 85' lang='lat' dir='ltr'>subesset,</span> <span class='ocrx_word' id='word_1_44' title='bbox 457 1269 499 1320; x_wconf 93' lang='lat' dir='ltr'>ea</span> <span class='ocrx_word' id='word_1_45' title='bbox 518 1247 617 1343; x_wconf 87' lang='lat' dir='ltr'>quasi</span> <span class='ocrx_word' id='word_1_46' title='bbox 640 1248 730 1344; x_wconf 87' lang='lat' dir='ltr'>juris</span> <span class='ocrx_word' id='word_1_47' title='bbox 760 1248 814 1320; x_wconf 88' lang='lat' dir='ltr'>sui</span> <span class='ocrx_word' id='word_1_48' title='bbox 838 1248 964 1322; x_wconf 82' lang='lat' dir='ltr'>fecere.</span> <span class='ocrx_word' id='word_1_49' title='bbox 992 1248 1062 1320; x_wconf 90' lang='lat' dir='ltr'>Sua</span> <span class='ocrx_word' id='word_1_50' title='bbox 1088 1255 1208 1320; x_wconf 88' lang='lat' dir='ltr'>autem</span> 
     </span>
     <span class='ocr_line' id='line_1_8' title="bbox 147 1379 1209 1477; baseline 0.002 -26"><span class='ocrx_word' id='word_1_51' title='bbox 147 1385 257 1474; x_wconf 84' lang='lat' dir='ltr'>poetae</span> <span class='ocrx_word' id='word_1_52' title='bbox 278 1379 489 1476; x_wconf 90' lang='lat' dir='ltr'>plerumque</span> <span class='ocrx_word' id='word_1_53' title='bbox 510 1379 631 1454; x_wconf 84' lang='lat' dir='ltr'>sabula</span> <span class='ocrx_word' id='word_1_54' title='bbox 654 1405 727 1455; x_wconf 94' lang='lat' dir='ltr'>non</span> <span class='ocrx_word' id='word_1_55' title='bbox 757 1389 893 1454; x_wconf 85' lang='lat' dir='ltr'>tantum</span> <span class='ocrx_word' id='word_1_56' title='bbox 914 1381 972 1455; x_wconf 88' lang='lat' dir='ltr'>dat</span> <span class='ocrx_word' id='word_1_57' title='bbox 992 1380 1107 1477; x_wconf 89' lang='lat' dir='ltr'>spatii,</span> <span class='ocrx_word' id='word_1_58' title='bbox 1138 1402 1209 1477; x_wconf 93' lang='lat' dir='ltr'>quo</span> 
     </span>
     <span class='ocr_line' id='line_1_9' title="bbox 146 1514 1205 1622; baseline 0 -36"><span class='ocrx_word' id='word_1_59' title='bbox 146 1514 253 1622; x_wconf 72' lang='lat' dir='ltr'>possit</span> <span class='ocrx_word' id='word_1_60' title='bbox 272 1514 359 1611; x_wconf 89' lang='lat' dir='ltr'>quid</span> <span class='ocrx_word' id='word_1_61' title='bbox 379 1515 526 1613; x_wconf 71' lang='lat' dir='ltr'>vulgatae</span> <span class='ocrx_word' id='word_1_62' title='bbox 547 1516 688 1590; x_wconf 89' lang='lat' dir='ltr'>cuidam</span> <span class='ocrx_word' id='word_1_63' title='bbox 715 1517 897 1590; x_wconf 77' lang='lat' dir='ltr'>sententia</span> <span class='ocrx_word' id='word_1_64' title='bbox 916 1515 1205 1620; x_wconf 89' lang='lat' dir='ltr'>philosophicum</span> 
     </span>
     <span class='ocr_line' id='line_1_10' title="bbox 147 1643 1210 1746; baseline 0.003 -30"><span class='ocrx_word' id='word_1_65' title='bbox 147 1643 227 1718; x_wconf 86' lang='lat' dir='ltr'>insit</span> <span class='ocrx_word' id='word_1_66' title='bbox 247 1655 280 1719; x_wconf 89' lang='lat' dir='ltr'>et</span> <span class='ocrx_word' id='word_1_67' title='bbox 300 1649 399 1743; x_wconf 87' lang='lat' dir='ltr'>quasi</span> <span class='ocrx_word' id='word_1_68' title='bbox 420 1647 526 1722; x_wconf 88' lang='lat' dir='ltr'>lateat</span> <span class='ocrx_word' id='word_1_69' title='bbox 548 1670 672 1721; x_wconf 87' lang='lat' dir='ltr'>eruere</span> <span class='ocrx_word' id='word_1_70' title='bbox 697 1656 731 1722; x_wconf 91' lang='lat' dir='ltr'>et</span> <span class='ocrx_word' id='word_1_71' title='bbox 750 1648 950 1746; x_wconf 87' lang='lat' dir='ltr'>explanare,</span> <span class='ocrx_word' id='word_1_72' title='bbox 979 1648 1027 1721; x_wconf 89' lang='lat' dir='ltr'>ita</span> <span class='ocrx_word' id='word_1_73' title='bbox 1051 1654 1089 1720; x_wconf 92' lang='lat' dir='ltr'>ut</span> <span class='ocrx_word' id='word_1_74' title='bbox 1117 1669 1210 1744; x_wconf 87' lang='lat' dir='ltr'>saepe</span> 
     </span>
     <span class='ocr_line' id='line_1_11' title="bbox 147 1751 1209 1882; baseline -0.002 -28"><span class='ocrx_word' id='word_1_75' title='bbox 147 1783 239 1878; x_wconf 90' lang='lat' dir='ltr'>apud</span> <span class='ocrx_word' id='word_1_76' title='bbox 272 1791 391 1880; x_wconf 90' lang='lat' dir='ltr'>poetas</span> <span class='ocrx_word' id='word_1_77' title='bbox 414 1784 676 1881; x_wconf 80' lang='lat' dir='ltr'><strong>philosophiam</strong></span> <span class='ocrx_word' id='word_1_78' title='bbox 710 1785 879 1882; x_wconf 88' lang='lat' dir='ltr'>suspicari</span> <span class='ocrx_word' id='word_1_79' title='bbox 913 1751 1120 1881; x_wconf 30' lang='lat' dir='ltr'>possimus(¹</span> <span class='ocrx_word' id='word_1_80' title='bbox 1137 1805 1209 1856; x_wconf 94' lang='lat' dir='ltr'>non</span> 
     </span>
     <span class='ocr_line' id='line_1_12' title="bbox 148 1916 627 2025; baseline 0.004 -36"><span class='ocrx_word' id='word_1_81' title='bbox 148 1916 251 2013; x_wconf 89' lang='lat' dir='ltr'>plane</span> <span class='ocrx_word' id='word_1_82' title='bbox 266 1918 477 2015; x_wconf 79' lang='lat' dir='ltr'>perspicere.</span> <span class='ocrx_word' id='word_1_83' title='bbox 621 2014 627 2025; x_wconf 26' lang='grc' dir='ltr'>Ι</span> 
     </span>
    </p>

    <p class='ocr_par' dir='ltr' id='par_1_2' title="bbox 147 2059 1209 2267">
     <span class='ocr_line' id='line_1_13' title="bbox 196 2059 1209 2157; baseline 0 -25"><span class='ocrx_word' id='word_1_84' title='bbox 196 2060 354 2157; x_wconf 79' lang='lat' dir='ltr'>Exempli</span> <span class='ocrx_word' id='word_1_85' title='bbox 383 2083 499 2146; x_wconf 88' lang='lat' dir='ltr'>causa,</span> <span class='ocrx_word' id='word_1_86' title='bbox 534 2062 746 2135; x_wconf 72' lang='lat' dir='ltr'>sententiose</span> <span class='ocrx_word' id='word_1_87' title='bbox 772 2062 917 2157; x_wconf 91' lang='lat' dir='ltr'>quidem</span> <span class='ocrx_word' id='word_1_88' title='bbox 945 2061 1031 2136; x_wconf 90' lang='lat' dir='ltr'>dicit</span> <span class='ocrx_word' id='word_1_89' title='bbox 1063 2059 1209 2134; x_wconf 83' lang='lat' dir='ltr'>Andro-</span> 
     </span>
     <span class='ocr_line' id='line_1_14' title="bbox 147 2178 856 2267; baseline 0.003 -2"><span class='ocrx_word' id='word_1_90' title='bbox 147 2193 271 2267; x_wconf 83' lang='lat' dir='ltr'>mache</span> <span class='ocrx_word' id='word_1_91' title='bbox 289 2220 296 2266; x_wconf 94' lang='lat'>:</span> <span class='ocrx_word' id='word_1_92' title='bbox 657 2186 665 2203; x_wconf 69' lang='lat'>⁸</span> <span class='ocrx_word' id='word_1_93' title='bbox 844 2178 856 2199; x_wconf 52' lang='lat'><strong>⁶</strong></span> 
     </span>
    </p>
   </div>
   <div class='ocr_carea' id='block_1_2' title="bbox 269 2388 1066 2536">
    <p class='ocr_par' dir='ltr' id='par_1_3' title="bbox 269 2388 1066 2536">
     <span class='ocr_line' id='line_1_15' title="bbox 269 2388 1066 2460; baseline -0.006 -14"><span class='ocrx_word' id='word_1_94' title='bbox 269 2390 368 2446; x_wconf 79' lang='lat' dir='ltr'>Melius</span> <span class='ocrx_word' id='word_1_95' title='bbox 383 2394 425 2444; x_wconf 89' lang='lat' dir='ltr'>est</span> <span class='ocrx_word' id='word_1_96' title='bbox 438 2393 588 2444; x_wconf 84' lang='lat' dir='ltr'>mortuum</span> <span class='ocrx_word' id='word_1_97' title='bbox 603 2405 664 2443; x_wconf 87' lang='lat' dir='ltr'>esse</span> <span class='ocrx_word' id='word_1_98' title='bbox 679 2404 767 2460; x_wconf 89' lang='lat' dir='ltr'>quam</span> <span class='ocrx_word' id='word_1_99' title='bbox 780 2404 942 2444; x_wconf 76' lang='lat' dir='ltr'>aerumnose</span> <span class='ocrx_word' id='word_1_100' title='bbox 956 2388 1066 2459; x_wconf 87' lang='lat' dir='ltr'>vivere;</span> 
     </span>
     <span class='ocr_line' id='line_1_16' title="bbox 272 2478 827 2536; baseline 0.002 -2"><span class='ocrx_word' id='word_1_101' title='bbox 272 2480 346 2534; x_wconf 76' lang='lat' dir='ltr'>Nihil</span> <span class='ocrx_word' id='word_1_102' title='bbox 361 2480 439 2534; x_wconf 86' lang='lat' dir='ltr'>enim</span> <span class='ocrx_word' id='word_1_103' title='bbox 452 2479 596 2534; x_wconf 86' lang='lat' dir='ltr'>malorum</span> <span class='ocrx_word' id='word_1_104' title='bbox 610 2493 696 2536; x_wconf 84' lang='lat' dir='ltr'>sensu</span> <span class='ocrx_word' id='word_1_105' title='bbox 713 2478 793 2533; x_wconf 89' lang='lat' dir='ltr'>dolet</span> <span class='ocrx_word' id='word_1_106' title='bbox 807 2480 827 2535; x_wconf 92' lang='lat'>¹.</span> 
     </span>
    </p>
   </div>
   <div class='ocr_carea' id='block_1_3' title="bbox 150 2629 1211 2865">
    <p class='ocr_par' dir='ltr' id='par_1_4' title="bbox 150 2629 1211 2865">
     <span class='ocr_line' id='line_1_17' title="bbox 197 2629 1211 2730; baseline -0.004 -26"><span class='ocrx_word' id='word_1_107' title='bbox 197 2633 256 2706; x_wconf 90' lang='lat' dir='ltr'>Sic</span> <span class='ocrx_word' id='word_1_108' title='bbox 275 2637 433 2708; x_wconf 85' lang='lat' dir='ltr'>Socrates</span> <span class='ocrx_word' id='word_1_109' title='bbox 448 2635 523 2730; x_wconf 89' lang='lat' dir='ltr'>jam</span> <span class='ocrx_word' id='word_1_110' title='bbox 550 2632 587 2704; x_wconf 89' lang='lat' dir='ltr'>in</span> <span class='ocrx_word' id='word_1_111' title='bbox 608 2640 764 2705; x_wconf 84' lang='lat' dir='ltr'>extremo</span> <span class='ocrx_word' id='word_1_112' title='bbox 788 2630 912 2727; x_wconf 90' lang='lat' dir='ltr'>spiritu</span> <span class='ocrx_word' id='word_1_113' title='bbox 936 2653 973 2704; x_wconf 87' lang='lat' dir='ltr'>se</span> <span class='ocrx_word' id='word_1_114' title='bbox 997 2629 1090 2703; x_wconf 90' lang='lat' dir='ltr'>ultro</span> <span class='ocrx_word' id='word_1_115' title='bbox 1114 2629 1211 2701; x_wconf 89' lang='lat' dir='ltr'>adire</span> 
     </span>
     <span class='ocr_line' id='line_1_18' title="bbox 150 2764 1208 2865; baseline -0.003 -26"><span class='ocrx_word' id='word_1_116' title='bbox 150 2776 298 2841; x_wconf 79' lang='lat' dir='ltr'>mortem</span> <span class='ocrx_word' id='word_1_117' title='bbox 318 2767 556 2865; x_wconf 83' lang='lat' dir='ltr'>profitebitur,</span> <span class='ocrx_word' id='word_1_118' title='bbox 585 2789 664 2862; x_wconf 85' lang='lat' dir='ltr'>quae</span> <span class='ocrx_word' id='word_1_119' title='bbox 690 2766 807 2864; x_wconf 90' lang='lat' dir='ltr'>ipsum</span> <span class='ocrx_word' id='word_1_120' title='bbox 833 2789 875 2839; x_wconf 85' lang='lat' dir='ltr'>ex</span> <span class='ocrx_word' id='word_1_121' title='bbox 900 2764 1135 2838; x_wconf 89' lang='lat' dir='ltr'>incommodis</span> <span class='ocrx_word' id='word_1_122' title='bbox 1154 2786 1208 2836; x_wconf 91' lang='lat' dir='ltr'>se-</span> 
     </span>
    </p>
   </div>
   <div class='ocr_carea' id='block_1_4' title="bbox 151 2897 1208 3246">
    <p class='ocr_par' dir='ltr' id='par_1_5' title="bbox 151 2897 1208 3246">
     <span class='ocr_line' id='line_1_19' title="bbox 151 2897 1208 2998; baseline -0.003 -25"><span class='ocrx_word' id='word_1_123' title='bbox 151 2903 301 2976; x_wconf 80' lang='lat' dir='ltr'>nectutis</span> <span class='ocrx_word' id='word_1_124' title='bbox 331 2902 473 2984; x_wconf 75' lang='lat' dir='ltr'>esimat,</span> <span class='ocrx_word' id='word_1_125' title='bbox 499 2900 732 2998; x_wconf 86' lang='lat' dir='ltr'>traducatque</span> <span class='ocrx_word' id='word_1_126' title='bbox 759 2901 949 2973; x_wconf 85' lang='lat' dir='ltr'>instalum</span> <span class='ocrx_word' id='word_1_127' title='bbox 977 2899 1092 2996; x_wconf 89' lang='lat' dir='ltr'>priore</span> <span class='ocrx_word' id='word_1_128' title='bbox 1119 2897 1208 2972; x_wconf 87' lang='lat' dir='ltr'>bea-</span> 
     </span>
     <span class='ocr_line' id='line_1_20' title="bbox 152 3033 1099 3126; baseline -0.003 -21"><span class='ocrx_word' id='word_1_129' title='bbox 152 3034 289 3126; x_wconf 87' lang='lat' dir='ltr'>tiorem,</span> <span class='ocrx_word' id='word_1_130' title='bbox 312 3036 364 3110; x_wconf 86' lang='lat' dir='ltr'>vel</span> <span class='ocrx_word' id='word_1_131' title='bbox 378 3033 552 3109; x_wconf 87' lang='lat' dir='ltr'>sentiendi</span> <span class='ocrx_word' id='word_1_132' title='bbox 572 3034 670 3107; x_wconf 94' lang='lat' dir='ltr'>omni</span> <span class='ocrx_word' id='word_1_133' title='bbox 692 3034 857 3107; x_wconf 82' lang='lat' dir='ltr'>facultate</span> <span class='ocrx_word' id='word_1_134' title='bbox 877 3040 1055 3106; x_wconf 88' lang='lat' dir='ltr'>carentem</span> <span class='ocrx_word' id='word_1_135' title='bbox 1074 3035 1099 3102; x_wconf 77' lang='lat'>².</span> 
     </span>
     <span class='ocr_line' id='line_1_21' title="bbox 199 3171 475 3246; baseline 0.004 -4"><span class='ocrx_word' id='word_1_136' title='bbox 199 3171 343 3246; x_wconf 88' lang='lat' dir='ltr'>Hecuba</span> <span class='ocrx_word' id='word_1_137' title='bbox 358 3172 444 3245; x_wconf 88' lang='lat' dir='ltr'>alias</span> <span class='ocrx_word' id='word_1_138' title='bbox 467 3196 475 3243; x_wconf 92' lang='lat'>:</span> 
     </span>
    </p>
   </div>
   <div class='ocr_carea' id='block_1_5' title="bbox 270 3365 1028 3528">
    <p class='ocr_par' dir='ltr' id='par_1_6' title="bbox 270 3365 1028 3528">
     <span class='ocr_line' id='line_1_22' title="bbox 272 3365 823 3440; baseline -0.007 -18"><span class='ocrx_word' id='word_1_139' title='bbox 272 3370 360 3423; x_wconf 72' lang='lat' dir='ltr'>Nemo</span> <span class='ocrx_word' id='word_1_140' title='bbox 375 3373 419 3423; x_wconf 89' lang='lat' dir='ltr'>est</span> <span class='ocrx_word' id='word_1_141' title='bbox 434 3367 600 3423; x_wconf 84' lang='lat' dir='ltr'>mortalium</span> <span class='ocrx_word' id='word_1_142' title='bbox 615 3367 664 3440; x_wconf 92' lang='lat' dir='ltr'>qui</span> <span class='ocrx_word' id='word_1_143' title='bbox 676 3366 714 3421; x_wconf 89' lang='lat' dir='ltr'>sit</span> <span class='ocrx_word' id='word_1_144' title='bbox 728 3365 801 3420; x_wconf 87' lang='lat' dir='ltr'>liber</span> <span class='ocrx_word' id='word_1_145' title='bbox 817 3380 823 3418; x_wconf 96' lang='lat'><strong>:</strong></span> 
     </span>
     <span class='ocr_line' id='line_1_23' title="bbox 270 3454 1028 3528; baseline -0.011 -16"><span class='ocrx_word' id='word_1_146' title='bbox 270 3461 326 3512; x_wconf 74' lang='lat' dir='ltr'>Aut</span> <span class='ocrx_word' id='word_1_147' title='bbox 340 3457 469 3528; x_wconf 69' lang='lat' dir='ltr'>pecunia»</span> <span class='ocrx_word' id='word_1_148' title='bbox 484 3457 562 3512; x_wconf 84' lang='lat' dir='ltr'>enim</span> <span class='ocrx_word' id='word_1_149' title='bbox 579 3473 674 3511; x_wconf 85' lang='lat' dir='ltr'>servus</span> <span class='ocrx_word' id='word_1_150' title='bbox 689 3459 741 3523; x_wconf 87' lang='lat' dir='ltr'>est,</span> <span class='ocrx_word' id='word_1_151' title='bbox 754 3458 805 3508; x_wconf 88' lang='lat' dir='ltr'>aut</span> <span class='ocrx_word' id='word_1_152' title='bbox 821 3454 943 3508; x_wconf 77' lang='lat' dir='ltr'>fortuna.</span> <span class='ocrx_word' id='word_1_153' title='bbox 958 3461 968 3494; x_wconf 79' lang='lat'>³</span> <span class='ocrx_word' id='word_1_154' title='bbox 972 3490 1028 3505; x_wconf 91' lang='grc'><strong><em>.....</em></strong></span> 
     </span>
    </p>
   </div>
   <div class='ocr_carea' id='block_1_6' title="bbox 145 3626 1210 3862">
    <p class='ocr_par' dir='ltr' id='par_1_7' title="bbox 145 3626 1210 3862">
     <span class='ocr_line' id='line_1_24' title="bbox 193 3626 1210 3724; baseline -0.008 -22"><span class='ocrx_word' id='word_1_155' title='bbox 193 3632 335 3715; x_wconf 82' lang='lat' dir='ltr'>Quoties</span> <span class='ocrx_word' id='word_1_156' title='bbox 350 3639 384 3704; x_wconf 89' lang='lat' dir='ltr'>et</span> <span class='ocrx_word' id='word_1_157' title='bbox 404 3635 561 3706; x_wconf 87' lang='lat' dir='ltr'>Socrates</span> <span class='ocrx_word' id='word_1_158' title='bbox 581 3655 663 3705; x_wconf 89' lang='lat' dir='ltr'>cum</span> <span class='ocrx_word' id='word_1_159' title='bbox 681 3637 812 3703; x_wconf 89' lang='lat' dir='ltr'>ceteros</span> <span class='ocrx_word' id='word_1_160' title='bbox 826 3626 1030 3724; x_wconf 86' lang='lat' dir='ltr'>discipulos,</span> <span class='ocrx_word' id='word_1_161' title='bbox 1050 3632 1123 3697; x_wconf 91' lang='lat' dir='ltr'>tum</span> <span class='ocrx_word' id='word_1_162' title='bbox 1140 3626 1210 3695; x_wconf 85' lang='lat' dir='ltr'>Eu-</span> 
     </span>
     <span class='ocr_line' id='line_1_25' title="bbox 145 3758 1208 3862; baseline -0.007 -27"><span class='ocrx_word' id='word_1_163' title='bbox 145 3764 353 3858; x_wconf 75' lang='lat' dir='ltr'>tlrydemum</span> <span class='ocrx_word' id='word_1_164' title='bbox 379 3766 480 3840; x_wconf 90' lang='lat' dir='ltr'>docet</span> <span class='ocrx_word' id='word_1_165' title='bbox 506 3767 724 3862; x_wconf 90' lang='lat' dir='ltr'>quicumque</span> <span class='ocrx_word' id='word_1_166' title='bbox 751 3763 860 3837; x_wconf 88' lang='lat' dir='ltr'>ventri</span> <span class='ocrx_word' id='word_1_167' title='bbox 888 3767 948 3834; x_wconf 89' lang='lat' dir='ltr'>aut</span> <span class='ocrx_word' id='word_1_168' title='bbox 969 3758 1123 3834; x_wconf 76' lang='lat' dir='ltr'>avaritia</span> <span class='ocrx_word' id='word_1_169' title='bbox 1147 3766 1208 3832; x_wconf 88' lang='lat' dir='ltr'>aut</span> 
     </span>
    </p>
   </div>
   <div class='ocr_carea' id='block_1_7' title="bbox 179 4067 1209 4212">
    <p class='ocr_par' dir='ltr' id='par_1_8' title="bbox 179 4067 1209 4212">
     <span class='ocr_line' id='line_1_26' title="bbox 179 4067 1209 4132; baseline -0.017 0"><span class='ocrx_word' id='word_1_170' title='bbox 179 4089 200 4132; x_wconf 85' lang='lat' dir='ltr'>t.</span> <span class='ocrx_word' id='word_1_171' title='bbox 219 4083 308 4131; x_wconf 79' lang='lat' dir='ltr'>Tromt.</span> <span class='ocrx_word' id='word_1_172' title='bbox 322 4097 346 4130; x_wconf 83' lang='lat' dir='ltr'>v.</span> <span class='ocrx_word' id='word_1_173' title='bbox 360 4083 404 4131; x_wconf 72' lang='lat' dir='ltr'>cat</span> <span class='ocrx_word' id='word_1_174' title='bbox 419 4084 445 4129; x_wconf 83' lang='lat' dir='ltr'>ct</span> <span class='ocrx_word' id='word_1_175' title='bbox 458 4080 576 4129; x_wconf 71' lang='lat' dir='ltr'>ota-2.</span> <span class='ocrx_word' id='word_1_176' title='bbox 593 4078 667 4125; x_wconf 75' lang='lat' dir='ltr'>Mem.</span> <span class='ocrx_word' id='word_1_177' title='bbox 683 4075 701 4123; x_wconf 92' lang='lat' dir='ltr'>l.</span> <span class='ocrx_word' id='word_1_178' title='bbox 716 4072 757 4122; x_wconf 83' lang='lat' dir='ltr'>ll&#39;.</span> <span class='ocrx_word' id='word_1_179' title='bbox 773 4088 796 4122; x_wconf 86' lang='lat' dir='ltr'>c.</span> <span class='ocrx_word' id='word_1_180' title='bbox 809 4085 895 4121; x_wconf 78' lang='lat' dir='ltr'>riu.-</span> <span class='ocrx_word' id='word_1_181' title='bbox 910 4070 933 4118; x_wconf 82' lang='lat'>3.</span> <span class='ocrx_word' id='word_1_182' title='bbox 949 4067 1045 4130; x_wconf 60' lang='lat' dir='ltr'>Hecu.</span> <span class='ocrx_word' id='word_1_183' title='bbox 1059 4069 1104 4118; x_wconf 78' lang='lat' dir='ltr'>Sssl</span> <span class='ocrx_word' id='word_1_184' title='bbox 1116 4070 1143 4116; x_wconf 86' lang='lat' dir='ltr'>et</span> <span class='ocrx_word' id='word_1_185' title='bbox 1154 4069 1209 4117; x_wconf 77' lang='lat' dir='ltr'>aot.</span> 
     </span>
     <span class='ocr_line' id='line_1_27' title="bbox 1041 4162 1107 4212; baseline -0.015 1"><span class='ocrx_word' id='word_1_186' title='bbox 1041 4182 1045 4190; x_wconf 94' lang='lat'>·</span> <span class='ocrx_word' id='word_1_187' title='bbox 1092 4162 1107 4212; x_wconf 88' lang='grc'>3</span> 
     </span>
    </p>
   </div>
   <div class='ocr_carea' id='block_1_8' title="bbox 0 0 1372 4718">
    <p class='ocr_par' dir='ltr' id='par_1_9' title="bbox 0 0 1372 4718">
     <span class='ocr_line' id='line_1_28' title="bbox 0 0 1372 4718; baseline 0 0"><span class='ocrx_word' id='word_1_188' title='bbox 0 0 1372 4718; x_wconf 95' lang='lat' dir='ltr'> </span> 
     </span>
    </p>
   </div>
  </div>
 </body>
</html>
