2706 4718
553 1231 714 1305 CAPUT
750 1229 805 1304 ΙΙΙ

154 1560 200 1610 DE
227 1560 358 1610 nonam
384 1560 560 1610 DOCTRINA
584 1561 678 1611 APUD
703 1559 884 1610 SOCRATEM
911 1561 954 1610 ET
981 1561 1188 1612 commonia.

193 1889 220 1959 1.
249 1887 422 1972 Quoniam
459 1910 499 1961 ea
533 1896 585 1962 cst
618 1893 746 1961 nostra
780 1886 1090 1985 disputatiuncula
1127 1909 1207 1984 pars

145 2019 285 2091 maximi
306 2020 492 2110 momenti,
515 2022 598 2095 certi
615 2021 703 2095 fines
723 2021 878 2118 ponendi
898 2020 1125 2117 suntquibus
1141 2019 1207 2093 cir-

144 2152 415 2229 cumscribatur.
449 2157 525 2240 Quo
553 2154 591 2227 in
616 2156 694 2230 loco
719 2155 888 2229 nolumus
914 2153 1087 2229 moralem
1115 2155 1207 2228 doc-

144 2289 273 2362 trinam
299 2290 508 2364 contrahere
528 2314 612 2386 ,quae
641 2313 684 2363 cx
716 2291 885 2363 universis
917 2289 1096 2387 Euripidis
1130 2296 1206 2373 tra-

141 2423 265 2518 goediis
285 2423 433 2520 exprimi
452 2430 485 2495 et
505 2424 604 2518 quasi
632 2423 779 2497 couttarl
804 2423 913 2520 possit
941 2433 1031 2519 (qua
1061 2421 1205 2518 quidem

144 2578 197 2629 res
216 2556 318 2630 nobis
337 2558 404 2630 erit
420 2563 537 2653 postea
557 2556 756 2644 delibanda)
776 2585 784 2646 ;
807 2580 988 2630 versamur
1009 2563 1147 2628 tantum
1168 2556 1204 2626 in

145 2691 324 2764 sententiis
343 2699 456 2788 poete
476 2692 722 2788 expromcnrtis
742 2716 821 2788 quae
834 2692 877 2765 ad
892 2693 1070 2765 Socratem
1087 2690 1203 2786 ipsum

145 2823 267 2897 reterri
287 2826 481 2922 possejure
495 2826 692 2898 videantur.

194 2959 245 3032 Nc
263 2966 381 3033 autem
400 2982 421 3032 a
441 2959 588 3033 consitio
605 2960 821 3049 deerremus‚
848 2960 938 3032 itturl
963 2958 1121 3056 primum
1142 2980 1205 3053 po-

144 3115 283 3183 namus,
305 3093 349 3167 de
362 3117 438 3203 quo·
452 3094 543 3168 iuter
561 3118 684 3168 omnes
702 3094 878 3184 convenit,
900 3092 1034 3166 sciticet
1051 3091 1117 3163 tria
1130 3113 1206 3163 esso

145 3227 274 3322 quibus
299 3250 440 3301 morum
468 3228 651 3326 disciplina
674 3228 769 3326 apud
793 3231 970 3302 Socratem
1004 3248 1104 3322 paene
1135 3233 1206 3299 tuta

147 3362 380 3436 contineatur.
402 3362 626 3435 -Primum
654 3365 748 3436 enim
772 3366 930 3437 Socrates
953 3361 1053 3433 docet
1078 3359 1206 3456 cuique

146 3519 167 3569 a
194 3503 320 3568 natura
343 3494 467 3591 subjici
498 3497 670 3568 notionem
691 3497 789 3585 recti,
813 3501 847 3568 et
878 3516 957 3567 eam
982 3500 1203 3566 constantem

147 3635 363 3724 certamque,
388 3629 533 3704 omnino
559 3630 710 3703 alienam
736 3629 965 3726 avoluptate,
992 3628 1206 3724 propriaque

148 3763 309 3855 utilitate,
331 3764 521 3861 exquibus
546 3773 617 3840 tota
637 3767 766 3863 pomtot
794 3768 1031 3864 sophistarum
1057 3767 1100 3839 dc
1126 3787 1209 3836 nro-

147 3893 242 3968 ribus
262 3899 420 3971 doctrino
436 3927 444 3987 ;
461 3943 508 3954 —
523 3901 649 3976 deinde
668 3903 855 3975 utilitatem
875 3901 919 3975 ab
938 3901 1112 3974 horrestute
1134 3923 1204 3972 uou

146 4054 245 4125 pusso
264 4036 430 4129 separari,
463 4068 477 4102 r
493 4038 540 4108 sic
563 4046 598 4110 ut
622 4039 697 4111 trac
724 4039 806 4126 duo,
834 4039 935 4109 turtur
956 4039 1048 4109 iuter
1074 4059 1109 4106 se
1132 4034 1209 4104 rtis-
