2706 4718
479 453 486 471 '
574 497 620 511 -
647 463 692 532 55
720 499 774 537 —,

211 607 487 680 Hominibuspoenas
503 608 607 663 dabitis
620 608 810 664 violentarum
830 610 1006 681 nuptiarum,

210 701 250 754 Tu
265 702 293 753 et
307 700 445 770 Neptune,
461 701 489 752 et
503 698 623 769 Jupiter,
639 698 733 771 quiin
747 700 817 754 coelo
828 699 994 768 dominaris,

209 787 334 858 Templa,
350 786 517 842 redimendo
535 787 662 859 pecuniis
675 787 807 859 (oestrus)
822 788 951 859 injurias,
968 789 1150 859 exhaurictis,

213 878 378 947 Voluptates
391 878 468 931 enim
483 881 548 932 ante
563 892 661 932 curam
676 875 853 948 (leontinum)

213 966 367 1033 Sectantes,
387 965 491 1036 injuste
505 965 607 1020 facitis.
629 967 692 1020 Non
707 964 768 1036 jam
787 966 919 1021 homines
938 968 1029 1022 malos
1050 968 1133 1039 (esse)

214 1055 312 1112 Dicere
327 1070 441 1127 aequum
452 1058 504 1122 est,
518 1055 543 1108 si
560 1054 679 1109 deorum
698 1055 767 1109 ritia
854 1099 855 1102 ,

215 1144 364 1202 imitamur
378 1143 548 1215 (μιμούμεθα),
564 1144 614 1199 sed
630 1160 678 1199 eos
692 1143 742 1216 qui
755 1145 815 1199 haec
830 1143 934 1199 docent
949 1147 970 1200 ¹.

142 1307 236 1380 Nihil
256 1330 345 1404 opus
359 1314 409 1381 est
432 1307 539 1402 (quod
559 1306 705 1402 quidem'
724 1305 932 1379 facillimum
950 1305 1003 1392 sit)
1021 1304 1140 1401 plures
1160 1328 1201 1378 ex

144 1439 339 1538 Euripideis
360 1439 489 1512 tabulis
511 1417 611 1511 iocos
630 1458 817 1535 excerpere
834 1438 895 1534 qui
914 1439 959 1511 ad
978 1437 1072 1510 idem
1095 1460 1202 1534 spec-

144 1581 229 1650 tant.
252 1577 355 1647 Nunc
369 1578 462 1670 patet
484 1571 660 1668 Euripidis
678 1572 723 1645 de
737 1570 862 1644 divinis
877 1570 982 1643 rebus
996 1569 1202 1667 opinionem

141 1730 241 1805 posse
271 1707 339 1780 hac
369 1705 554 1780 verborum
586 1686 828 1803 complexione
853 1707 1013 1781 contrahi
1038 1728 1047 1781 ε
1074 1729 1203 1804 nempe

142 1842 237 1930 deos,
259 1840 288 1913 si
314 1846 365 1914 tot
394 1847 438 1914 et.
455 1839 559 1912 tantis
588 1839 778 1912 sceleribus
809 1863 845 1913 se
871 1841 1200 1928 contaminaverint,

141 1998 212 2049 non
238 1975 361 2071 dignos
380 1996 456 2048 esse
475 1997 564 2069 quos
583 1974 764 2049 imitemur
778 1982 811 2047 et
830 1974 1002 2065 colamus,
1025 1975 1097 2048 imo
1117 1975 1205 2046 nul-

141 2109 194 2184 los
208 2133 302 2200 esse3
322 2117 458 2198 contra,
475 2109 503 2182 si
519 2110 615 2206 justo
634 2110 769 2184 honore
788 2110 858 2182 sint
878 2109 1129 2207 prosequendi,
1144 2131 1205 2183 eos

141 2244 229 2317 nihil
257 2246 387 2319 horum
407 2267 488 2339 quae
514 2245 652 2318 mentiti
675 2245 745 2317 sint
763 2250 875 2341 poetae
900 2266 1058 2340 unquam
1086 2243 1206 2317 admi-

142 2379 238 2452 sisse.
271 2380 395 2451 Nonne
423 2377 547 2449 eadem
576 2376 647 2450 sere
675 2384 726 2450 est
754 2398 795 2449 ea
822 2377 994 2450 sententia
1022 2399 1102 2470 quae
1122 2375 1206 2449 Pla-

143 2517 233 2590 tonis
253 2516 291 2588 in
311 2514 413 2588 tertio
433 2512 648 2610 Reipublicae
667 2512 782 2586 libro?

189 2649 328 2721 Ceteras
346 2649 494 2720 deorum
514 2646 761 2720 insectationes
770 2647 865 2744 apud
880 2624 1099 2743 Euripidem,
1116 2647 1203 2718 dum

142 2805 200 2856 eos
219 2791 254 2856 et
272 2783 409 2880 pietatis
429 2782 466 2853 in
481 2780 686 2877 parentibus
700 2789 734 2854 et
754 2777 947 2877 conjugalis
962 2777 1045 2850 fidei
1060 2784 1094 2851 et
1111 2785 1205 2852 ceie-

145 2939 265 2989 rornm
283 2915 484 2990 officiorum
504 2939 583 3010 quar
611 2916 653 2988 ad
679 2913 795 2988 mores
820 2913 995 3010 pertinent
1022 2912 1207 2986 violatores

145 3052 250 3124 modo
280 3050 415 3140 irridet,
438 3050 545 3124 modo
572 3052 742 3148 increpat,
775 3071 970 3123 memorare
997 3070 1208 3145 supervaca-

144 3207 253 3258 neum
273 3192 350 3258 est:
372 3206 454 3256 nam
476 3185 600 3258 eudem
621 3184 741 3259 omnia
761 3183 935 3272 recidunt,
960 3190 1066 3277 atque
1085 3181 1206 3272 etiam,
1257 3206 1260 3210 ⁴

144 3322 171 3393 si
191 3320 306 3393 ausim
329 3319 459 3407 dicere,
485 3319 681 3416 Euripides,
713 3341 827 3414 quum
855 3315 1000 3413 justitiae
1020 3323 1054 3388 et
1076 3314 1210 3388 virtutis

144 3454 378 3554 patrocinium
394 3476 415 3526 a
431 3452 497 3524 diis
513 3454 558 3526 ad
569 3454 757 3526 hominum
773 3451 1024 3525 conscientiam
1038 3449 1205 3544 traducit,

145 3589 230 3661 mihi
259 3587 369 3683 magis
402 3586 593 3661 socraticus
624 3611 730 3684 quarn
762 3586 836 3682 ipse
870 3588 1029 3658 Socrates
1060 3583 1208 3669 videtur,

146 3724 277 3797 nedum
295 3722 339 3795 ab
359 3746 401 3797 eo
425 3723 602 3797 dissideat.
630 3724 746 3810 Quod,
764 3721 915 3818 exempli
937 3742 1055 3809 causa,
1079 3722 1210 3792 Socru-

148 3868 197 3932 tes
228 3829 344 3930 forsan
367 3856 504 3929 duabus
518 3857 725 3944 Venerione,
749 3879 901 3954 quarum
933 3877 1001 3927 unu
1029 3860 1081 3927 est
1107 3852 1213 3929 ὀυρανία

195 4132 217 4199 t.
235 4129 276 4176 ion
290 4142 314 4177 v.
333 4128 448 4178 iii-452.
