<?xml version="1.0" encoding="UTF-8"?>
<!DOCTYPE html PUBLIC "-//W3C//DTD XHTML 1.0 Transitional//EN"
    "http://www.w3.org/TR/xhtml1/DTD/xhtml1-transitional.dtd">
<html xmlns="http://www.w3.org/1999/xhtml" xml:lang="en" lang="en">
 <head>
  <title>
</title>
<meta http-equiv="Content-Type" content="text/html;charset=utf-8" />
  <meta name='ocr-system' content='tesseract 3.04.00' />
  <meta name='ocr-capabilities' content='ocr_page ocr_carea ocr_par ocr_line ocrx_word'/>
</head>
<body>
  <div class='ocr_page' id='page_1' title='image "./desocraticaedoc00feuggoog_0054.png"; bbox 0 0 2706 4718; ppageno 0'>
   <div class='ocr_carea' id='block_1_1' title="bbox 141 443 1250 1446">
    <p class='ocr_par' dir='ltr' id='par_1_1' title="bbox 141 443 1250 1446">
     <span class='ocr_line' id='line_1_1' title="bbox 559 443 777 508; baseline -0.009 1"><span class='ocrx_word' id='word_1_1' title='bbox 559 449 630 488; x_wconf 81' lang='grc'>’-</span> <span class='ocrx_word' id='word_1_2' title='bbox 658 443 701 508; x_wconf 76' lang='grc'>47</span> <span class='ocrx_word' id='word_1_3' title='bbox 731 476 777 488; x_wconf 93' lang='grc'>-</span> 
     </span>
     <span class='ocr_line' id='line_1_2' title="bbox 145 563 1204 664; baseline -0.006 -23"><span class='ocrx_word' id='word_1_4' title='bbox 145 567 354 664; x_wconf 84' lang='lat' dir='ltr'>disciplinae,</span> <span class='ocrx_word' id='word_1_5' title='bbox 376 592 468 664; x_wconf 77' lang='lat' dir='ltr'>quae,</span> <span class='ocrx_word' id='word_1_6' title='bbox 490 569 625 641; x_wconf 88' lang='lat' dir='ltr'>etiamsi</span> <span class='ocrx_word' id='word_1_7' title='bbox 640 591 660 640; x_wconf 82' lang='lat' dir='ltr'>a</span> <span class='ocrx_word' id='word_1_8' title='bbox 675 569 910 664; x_wconf 74' lang='lat' dir='ltr'>Xenophonte</span> <span class='ocrx_word' id='word_1_9' title='bbox 925 563 1204 652; x_wconf 84' lang='lat' dir='ltr'>luerintomissa,</span> 
     </span>
     <span class='ocr_line' id='line_1_3' title="bbox 143 698 1209 800; baseline -0.007 -23"><span class='ocrx_word' id='word_1_10' title='bbox 143 727 200 779; x_wconf 81' lang='lat' dir='ltr'>ex.</span> <span class='ocrx_word' id='word_1_11' title='bbox 214 703 379 800; x_wconf 81' lang='lat' dir='ltr'>plurimis</span> <span class='ocrx_word' id='word_1_12' title='bbox 402 703 542 776; x_wconf 89' lang='lat' dir='ltr'>indiciis</span> <span class='ocrx_word' id='word_1_13' title='bbox 572 726 643 776; x_wconf 92' lang='lat' dir='ltr'>non</span> <span class='ocrx_word' id='word_1_14' title='bbox 670 704 759 777; x_wconf 85' lang='lat' dir='ltr'>adeo</span> <span class='ocrx_word' id='word_1_15' title='bbox 786 698 992 774; x_wconf 45' lang='lat' dir='ltr'>inconsulte*</span> <span class='ocrx_word' id='word_1_16' title='bbox 1006 700 1209 796; x_wconf 87' lang='lat' dir='ltr'>conjectura</span> 
     </span>
     <span class='ocr_line' id='line_1_4' title="bbox 144 832 1205 934; baseline -0.006 -24"><span class='ocrx_word' id='word_1_17' title='bbox 144 837 283 933; x_wconf 82' lang='lat' dir='ltr'>assequi</span> <span class='ocrx_word' id='word_1_18' title='bbox 303 859 505 934; x_wconf 87' lang='lat' dir='ltr'>possumus.</span> <span class='ocrx_word' id='word_1_19' title='bbox 528 837 687 934; x_wconf 82' lang='lat' dir='ltr'>Exempli</span> <span class='ocrx_word' id='word_1_20' title='bbox 703 837 827 934; x_wconf 82' lang='lat' dir='ltr'>gratia,</span> <span class='ocrx_word' id='word_1_21' title='bbox 843 833 1002 932; x_wconf 92' lang='lat' dir='ltr'>quamvis</span> <span class='ocrx_word' id='word_1_22' title='bbox 1014 832 1103 905; x_wconf 85' lang='lat' dir='ltr'>nihil</span> <span class='ocrx_word' id='word_1_23' title='bbox 1122 833 1205 906; x_wconf 83' lang='lat' dir='ltr'>certi</span> 
     </span>
     <span class='ocr_line' id='line_1_5' title="bbox 144 967 1205 1073; baseline -0.006 -29"><span class='ocrx_word' id='word_1_24' title='bbox 144 975 318 1060; x_wconf 80' lang='lat' dir='ltr'>Socrates,</span> <span class='ocrx_word' id='word_1_25' title='bbox 341 977 484 1073; x_wconf 85' lang='lat' dir='ltr'>auctore</span> <span class='ocrx_word' id='word_1_26' title='bbox 504 970 752 1068; x_wconf 81' lang='lat' dir='ltr'>Xenophonte,</span> <span class='ocrx_word' id='word_1_27' title='bbox 776 967 971 1067; x_wconf 85' lang='lat' dir='ltr'>praetulerit</span> <span class='ocrx_word' id='word_1_28' title='bbox 987 969 1030 1042; x_wconf 92' lang='lat' dir='ltr'>de</span> <span class='ocrx_word' id='word_1_29' title='bbox 1056 990 1098 1041; x_wconf 89' lang='lat' dir='ltr'>ea</span> <span class='ocrx_word' id='word_1_30' title='bbox 1125 991 1205 1064; x_wconf 69' lang='lat' dir='ltr'>quae</span> 
     </span>
     <span class='ocr_line' id='line_1_6' title="bbox 142 1101 1207 1200; baseline -0.003 -25"><span class='ocrx_word' id='word_1_31' title='bbox 142 1106 180 1175; x_wconf 84' lang='lat' dir='ltr'>in</span> <span class='ocrx_word' id='word_1_32' title='bbox 197 1103 309 1176; x_wconf 84' lang='lat' dir='ltr'>medio</span> <span class='ocrx_word' id='word_1_33' title='bbox 334 1116 384 1175; x_wconf 84' lang='lat' dir='ltr'>ert</span> <span class='ocrx_word' id='word_1_34' title='bbox 402 1103 533 1176; x_wconf 86' lang='lat' dir='ltr'>civium</span> <span class='ocrx_word' id='word_1_35' title='bbox 550 1110 660 1200; x_wconf 88' lang='lat' dir='ltr'>parte,</span> <span class='ocrx_word' id='word_1_36' title='bbox 684 1102 780 1175; x_wconf 89' lang='lat' dir='ltr'>haud</span> <span class='ocrx_word' id='word_1_37' title='bbox 798 1102 870 1174; x_wconf 91' lang='lat' dir='ltr'>scio</span> <span class='ocrx_word' id='word_1_38' title='bbox 882 1124 927 1174; x_wconf 90' lang='lat' dir='ltr'>an</span> <span class='ocrx_word' id='word_1_39' title='bbox 947 1101 1006 1173; x_wconf 92' lang='lat' dir='ltr'>ille</span> <span class='ocrx_word' id='word_1_40' title='bbox 1024 1101 1109 1173; x_wconf 90' lang='lat' dir='ltr'>huic</span> <span class='ocrx_word' id='word_1_41' title='bbox 1130 1103 1207 1173; x_wconf 87' lang='lat' dir='ltr'>Eu-</span> 
     </span>
     <span class='ocr_line' id='line_1_7' title="bbox 142 1235 1250 1335; baseline -0.005 -25"><span class='ocrx_word' id='word_1_42' title='bbox 142 1238 267 1335; x_wconf 92' lang='lat' dir='ltr'>ripidis</span> <span class='ocrx_word' id='word_1_43' title='bbox 293 1238 489 1328; x_wconf 75' lang='lat' dir='ltr'>sententiae,</span> <span class='ocrx_word' id='word_1_44' title='bbox 513 1238 692 1312; x_wconf 90' lang='lat' dir='ltr'>notatione</span> <span class='ocrx_word' id='word_1_45' title='bbox 715 1237 858 1333; x_wconf 89' lang='lat' dir='ltr'>quidem</span> <span class='ocrx_word' id='word_1_46' title='bbox 889 1235 1116 1330; x_wconf 75' lang='lat' dir='ltr'>dignissimae,</span> <span class='ocrx_word' id='word_1_47' title='bbox 1150 1235 1208 1307; x_wconf 88' lang='lat' dir='ltr'>l·</span> <span class='ocrx_word' id='word_1_48' title='bbox 1247 1266 1250 1271; x_wconf 93' lang='lat'><em>·</em></span> 
     </span>
     <span class='ocr_line' id='line_1_8' title="bbox 141 1373 277 1446; baseline 0 -2"><span class='ocrx_word' id='word_1_49' title='bbox 141 1373 246 1446; x_wconf 89' lang='lat' dir='ltr'>visset</span> <span class='ocrx_word' id='word_1_50' title='bbox 269 1397 277 1444; x_wconf 93' lang='lat'><strong>:</strong></span> 
     </span>
    </p>
   </div>
   <div class='ocr_carea' id='block_1_2' title="bbox 142 1548 1208 2254">
    <p class='ocr_par' dir='ltr' id='par_1_2' title="bbox 142 1548 997 1622">
     <span class='ocr_line' id='line_1_9' title="bbox 142 1548 997 1622; baseline -0.006 -16"><span class='ocrx_word' id='word_1_51' title='bbox 142 1552 210 1606; x_wconf 87' lang='lat' dir='ltr'>Tres</span> <span class='ocrx_word' id='word_1_52' title='bbox 224 1549 302 1605; x_wconf 89' lang='lat' dir='ltr'>enirn</span> <span class='ocrx_word' id='word_1_53' title='bbox 318 1550 412 1622; x_wconf 84' lang='lat' dir='ltr'>(suot)</span> <span class='ocrx_word' id='word_1_54' title='bbox 425 1553 522 1621; x_wconf 82' lang='lat' dir='ltr'>partes</span> <span class='ocrx_word' id='word_1_55' title='bbox 536 1550 663 1606; x_wconf 85' lang='lat' dir='ltr'>civium:</span> <span class='ocrx_word' id='word_1_56' title='bbox 682 1551 730 1605; x_wconf 86' lang='lat' dir='ltr'>alii</span> <span class='ocrx_word' id='word_1_57' title='bbox 747 1548 863 1622; x_wconf 90' lang='lat' dir='ltr'>quidem</span> <span class='ocrx_word' id='word_1_58' title='bbox 883 1549 997 1616; x_wconf 74' lang='lat' dir='ltr'>diuites,</span> 
     </span>
    </p>

    <p class='ocr_par' dir='ltr' id='par_1_3' title="bbox 142 1620 788 1711">
     <span class='ocr_line' id='line_1_10' title="bbox 142 1620 788 1711; baseline 0.003 -18"><span class='ocrx_word' id='word_1_59' title='bbox 142 1640 328 1711; x_wconf 81' lang='lat' dir='ltr'>inutilesque,</span> <span class='ocrx_word' id='word_1_60' title='bbox 340 1640 482 1710; x_wconf 87' lang='lat' dir='ltr'>pluraque</span> <span class='ocrx_word' id='word_1_61' title='bbox 498 1642 636 1710; x_wconf 88' lang='lat' dir='ltr'>expetunt</span> <span class='ocrx_word' id='word_1_62' title='bbox 651 1620 764 1710; x_wconf 83' lang='lat' dir='ltr'>semper</span> <span class='ocrx_word' id='word_1_63' title='bbox 782 1654 788 1695; x_wconf 92' lang='lat'><strong>:</strong></span> 
     </span>
    </p>

    <p class='ocr_par' dir='ltr' id='par_1_4' title="bbox 143 1725 853 1799">
     <span class='ocr_line' id='line_1_11' title="bbox 143 1725 853 1799; baseline 0.001 -17"><span class='ocrx_word' id='word_1_64' title='bbox 143 1729 198 1783; x_wconf 77' lang='lat' dir='ltr'>Atii</span> <span class='ocrx_word' id='word_1_65' title='bbox 211 1746 278 1783; x_wconf 87' lang='lat' dir='ltr'>rere</span> <span class='ocrx_word' id='word_1_66' title='bbox 293 1725 366 1783; x_wconf 91' lang='lat' dir='ltr'>nihil</span> <span class='ocrx_word' id='word_1_67' title='bbox 381 1728 532 1796; x_wconf 85' lang='lat' dir='ltr'>habentes,</span> <span class='ocrx_word' id='word_1_68' title='bbox 548 1733 575 1783; x_wconf 93' lang='lat' dir='ltr'>et</span> <span class='ocrx_word' id='word_1_69' title='bbox 590 1728 752 1799; x_wconf 84' lang='lat' dir='ltr'>indigentes</span> <span class='ocrx_word' id='word_1_70' title='bbox 765 1728 853 1796; x_wconf 85' lang='lat' dir='ltr'>victu,</span> 
     </span>
    </p>

    <p class='ocr_par' dir='ltr' id='par_1_5' title="bbox 142 1817 810 1890">
     <span class='ocr_line' id='line_1_12' title="bbox 142 1817 810 1890; baseline -0.003 -17"><span class='ocrx_word' id='word_1_71' title='bbox 142 1818 296 1886; x_wconf 84' lang='lat' dir='ltr'>ldetuendi,</span> <span class='ocrx_word' id='word_1_72' title='bbox 313 1818 473 1890; x_wconf 88' lang='lat' dir='ltr'>plurimum</span> <span class='ocrx_word' id='word_1_73' title='bbox 488 1817 602 1873; x_wconf 72' lang='lat' dir='ltr'>invidiae</span> <span class='ocrx_word' id='word_1_74' title='bbox 617 1817 810 1889; x_wconf 82' lang='lat' dir='ltr'>indulgentes,</span> 
     </span>
    </p>

    <p class='ocr_par' dir='ltr' id='par_1_6' title="bbox 143 1909 696 1979">
     <span class='ocr_line' id='line_1_13' title="bbox 143 1909 696 1979; baseline 0 -15"><span class='ocrx_word' id='word_1_75' title='bbox 143 1911 176 1964; x_wconf 95' lang='lat' dir='ltr'>ln</span> <span class='ocrx_word' id='word_1_76' title='bbox 190 1909 294 1964; x_wconf 81' lang='lat' dir='ltr'>divites</span> <span class='ocrx_word' id='word_1_77' title='bbox 309 1910 427 1964; x_wconf 89' lang='lat' dir='ltr'>aculeos</span> <span class='ocrx_word' id='word_1_78' title='bbox 442 1909 579 1965; x_wconf 87' lang='lat' dir='ltr'>emittunt</span> <span class='ocrx_word' id='word_1_79' title='bbox 593 1911 696 1979; x_wconf 87' lang='lat' dir='ltr'>malos,</span> 
     </span>
    </p>

    <p class='ocr_par' dir='ltr' id='par_1_7' title="bbox 144 2000 716 2073">
     <span class='ocr_line' id='line_1_14' title="bbox 144 2000 716 2073; baseline 0.003 -19"><span class='ocrx_word' id='word_1_80' title='bbox 144 2000 263 2071; x_wconf 78' lang='lat' dir='ltr'>Linguis</span> <span class='ocrx_word' id='word_1_81' title='bbox 278 2002 478 2073; x_wconf 87' lang='lat' dir='ltr'>improborum</span> <span class='ocrx_word' id='word_1_82' title='bbox 496 2001 600 2058; x_wconf 91' lang='lat' dir='ltr'>ducum</span> <span class='ocrx_word' id='word_1_83' title='bbox 615 2003 693 2058; x_wconf 92' lang='lat' dir='ltr'>illusi</span> <span class='ocrx_word' id='word_1_84' title='bbox 710 2019 716 2056; x_wconf 91' lang='lat'>:</span> 
     </span>
    </p>

    <p class='ocr_par' dir='ltr' id='par_1_8' title="bbox 142 2089 1208 2254">
     <span class='ocr_line' id='line_1_15' title="bbox 142 2089 1208 2167; baseline -0.003 -23"><span class='ocrx_word' id='word_1_85' title='bbox 142 2090 241 2145; x_wconf 84' lang='lat' dir='ltr'>Trium</span> <span class='ocrx_word' id='word_1_86' title='bbox 251 2093 350 2145; x_wconf 87' lang='lat' dir='ltr'>autern</span> <span class='ocrx_word' id='word_1_87' title='bbox 365 2091 490 2164; x_wconf 87' lang='lat' dir='ltr'>partium</span> <span class='ocrx_word' id='word_1_88' title='bbox 503 2111 537 2149; x_wconf 87' lang='lat' dir='ltr'>ea</span> <span class='ocrx_word' id='word_1_89' title='bbox 550 2111 614 2167; x_wconf 83' lang='lat' dir='ltr'>quae</span> <span class='ocrx_word' id='word_1_90' title='bbox 625 2097 667 2147; x_wconf 91' lang='lat' dir='ltr'>est</span> <span class='ocrx_word' id='word_1_91' title='bbox 681 2094 713 2148; x_wconf 95' lang='lat' dir='ltr'>in</span> <span class='ocrx_word' id='word_1_92' title='bbox 726 2093 821 2148; x_wconf 91' lang='lat' dir='ltr'>medio</span> <span class='ocrx_word' id='word_1_93' title='bbox 831 2093 856 2165; x_wconf 79' lang='grc' dir='ltr'>(ἡ</span> <span class='ocrx_word' id='word_1_94' title='bbox 870 2095 890 2140; x_wconf 80' lang='grc' dir='ltr'>’ν</span> <span class='ocrx_word' id='word_1_95' title='bbox 906 2089 985 2161; x_wconf 73' lang='grc' dir='ltr'>μέσῳ)</span> <span class='ocrx_word' id='word_1_96' title='bbox 994 2093 1086 2144; x_wconf 88' lang='lat' dir='ltr'>servat</span> <span class='ocrx_word' id='word_1_97' title='bbox 1096 2089 1208 2156; x_wconf 89' lang='lat' dir='ltr'>urbem,</span> 
     </span>
     <span class='ocr_line' id='line_1_16' title="bbox 143 2179 1039 2254; baseline -0.002 -17"><span class='ocrx_word' id='word_1_98' title='bbox 143 2183 281 2237; x_wconf 86' lang='lat' dir='ltr'>Ordinem</span> <span class='ocrx_word' id='word_1_99' title='bbox 296 2198 477 2250; x_wconf 83' lang='lat' dir='ltr'>conservans,</span> <span class='ocrx_word' id='word_1_100' title='bbox 494 2199 697 2254; x_wconf 83' lang='lat' dir='ltr'>quemcunque</span> <span class='ocrx_word' id='word_1_101' title='bbox 712 2182 892 2237; x_wconf 88' lang='lat' dir='ltr'>constituerit</span> <span class='ocrx_word' id='word_1_102' title='bbox 906 2179 1006 2235; x_wconf 85' lang='lat' dir='ltr'>civitas</span> <span class='ocrx_word' id='word_1_103' title='bbox 1020 2179 1039 2235; x_wconf 90' lang='lat'>¹.</span> 
     </span>
    </p>
   </div>
   <div class='ocr_carea' id='block_1_3' title="bbox 141 2331 1286 3091">
    <p class='ocr_par' dir='ltr' id='par_1_9' title="bbox 141 2331 1286 3091">
     <span class='ocr_line' id='line_1_17' title="bbox 145 2331 1222 2432; baseline -0.005 -23"><span class='ocrx_word' id='word_1_104' title='bbox 145 2336 247 2409; x_wconf 89' lang='lat' dir='ltr'>Unde</span> <span class='ocrx_word' id='word_1_105' title='bbox 264 2343 348 2408; x_wconf 87' lang='lat' dir='ltr'>nata</span> <span class='ocrx_word' id='word_1_106' title='bbox 365 2343 417 2409; x_wconf 91' lang='lat' dir='ltr'>est</span> <span class='ocrx_word' id='word_1_107' title='bbox 441 2335 648 2432; x_wconf 87' lang='lat' dir='ltr'>hujusmodi</span> <span class='ocrx_word' id='word_1_108' title='bbox 669 2337 842 2410; x_wconf 91' lang='lat' dir='ltr'>sententia</span> <span class='ocrx_word' id='word_1_109' title='bbox 863 2343 933 2407; x_wconf 92' lang='lat' dir='ltr'>tam</span> <span class='ocrx_word' id='word_1_110' title='bbox 953 2340 1073 2407; x_wconf 86' lang='lat' dir='ltr'>exacta</span> <span class='ocrx_word' id='word_1_111' title='bbox 1088 2331 1222 2404; x_wconf 75' lang='lat' dir='ltr'>verbo·</span> 
     </span>
     <span class='ocr_line' id='line_1_18' title="bbox 144 2467 1207 2567; baseline -0.001 -26"><span class='ocrx_word' id='word_1_112' title='bbox 144 2493 225 2542; x_wconf 93' lang='lat' dir='ltr'>rum</span> <span class='ocrx_word' id='word_1_113' title='bbox 245 2469 481 2567; x_wconf 87' lang='lat' dir='ltr'>descriptione</span> <span class='ocrx_word' id='word_1_114' title='bbox 502 2470 719 2544; x_wconf 82' lang='lat' dir='ltr'>interclusa?</span> <span class='ocrx_word' id='word_1_115' title='bbox 744 2471 806 2543; x_wconf 89' lang='lat' dir='ltr'>Sin</span> <span class='ocrx_word' id='word_1_116' title='bbox 826 2470 945 2542; x_wconf 90' lang='lat' dir='ltr'>minus</span> <span class='ocrx_word' id='word_1_117' title='bbox 971 2467 1122 2542; x_wconf 90' lang='lat' dir='ltr'>Socratis</span> <span class='ocrx_word' id='word_1_118' title='bbox 1141 2477 1207 2557; x_wconf 89' lang='lat' dir='ltr'>est,</span> 
     </span>
     <span class='ocr_line' id='line_1_19' title="bbox 142 2600 1286 2679; baseline -0.002 -3"><span class='ocrx_word' id='word_1_119' title='bbox 142 2627 261 2678; x_wconf 90' lang='lat' dir='ltr'>nonne</span> <span class='ocrx_word' id='word_1_120' title='bbox 282 2606 488 2679; x_wconf 81' lang='lat' dir='ltr'>Socratica?</span> <span class='ocrx_word' id='word_1_121' title='bbox 507 2610 596 2678; x_wconf 91' lang='lat' dir='ltr'>Nam</span> <span class='ocrx_word' id='word_1_122' title='bbox 614 2605 763 2678; x_wconf 92' lang='lat' dir='ltr'>minime</span> <span class='ocrx_word' id='word_1_123' title='bbox 787 2604 944 2678; x_wconf 89' lang='lat' dir='ltr'>demiror</span> <span class='ocrx_word' id='word_1_124' title='bbox 963 2603 1091 2677; x_wconf 91' lang='lat' dir='ltr'>dehoc</span> <span class='ocrx_word' id='word_1_125' title='bbox 1110 2600 1206 2675; x_wconf 89' lang='lat' dir='ltr'>sileri</span> <span class='ocrx_word' id='word_1_126' title='bbox 1282 2610 1286 2618; x_wconf 87' lang='lat'>&#39;</span> 
     </span>
     <span class='ocr_line' id='line_1_20' title="bbox 141 2714 1273 2840; baseline 0 -30"><span class='ocrx_word' id='word_1_127' title='bbox 141 2761 161 2811; x_wconf 92' lang='lat' dir='ltr'>a</span> <span class='ocrx_word' id='word_1_128' title='bbox 182 2739 430 2840; x_wconf 84' lang='lat' dir='ltr'>Xenophonte,</span> <span class='ocrx_word' id='word_1_129' title='bbox 450 2739 579 2836; x_wconf 93' lang='lat' dir='ltr'>quippe</span> <span class='ocrx_word' id='word_1_130' title='bbox 595 2739 655 2834; x_wconf 92' lang='lat' dir='ltr'>qui</span> <span class='ocrx_word' id='word_1_131' title='bbox 679 2739 716 2811; x_wconf 94' lang='lat' dir='ltr'>in</span> <span class='ocrx_word' id='word_1_132' title='bbox 742 2739 1025 2813; x_wconf 89' lang='lat' dir='ltr'>commendanda</span> <span class='ocrx_word' id='word_1_133' title='bbox 1040 2739 1209 2812; x_wconf 79' lang='lat' dir='ltr'>Lacedae-</span> <span class='ocrx_word' id='word_1_134' title='bbox 1268 2714 1273 2723; x_wconf 41' lang='lat'>⁸</span> 
     </span>
     <span class='ocr_line' id='line_1_21' title="bbox 144 2859 1244 2969; baseline 0.004 -24"><span class='ocrx_word' id='word_1_135' title='bbox 144 2873 345 2946; x_wconf 89' lang='lat' dir='ltr'>moniornm</span> <span class='ocrx_word' id='word_1_136' title='bbox 393 2870 552 2960; x_wconf 86' lang='lat' dir='ltr'>civitate,</span> <span class='ocrx_word' id='word_1_137' title='bbox 600 2872 826 2968; x_wconf 90' lang='lat' dir='ltr'>optimatium</span> <span class='ocrx_word' id='word_1_138' title='bbox 868 2873 1014 2969; x_wconf 93' lang='lat' dir='ltr'>quidem</span> <span class='ocrx_word' id='word_1_139' title='bbox 1063 2859 1244 2949; x_wconf 27' lang='lat' dir='ltr'>arbitrio·</span> 
     </span>
     <span class='ocr_line' id='line_1_22' title="bbox 144 3001 1211 3091; baseline 0.007 -18"><span class='ocrx_word' id='word_1_140' title='bbox 144 3013 250 3091; x_wconf 88' lang='lat' dir='ltr'>recta,</span> <span class='ocrx_word' id='word_1_141' title='bbox 277 3003 447 3076; x_wconf 91' lang='lat' dir='ltr'>continuo</span> <span class='ocrx_word' id='word_1_142' title='bbox 468 3001 635 3079; x_wconf 87' lang='lat' dir='ltr'>versetur.</span> <span class='ocrx_word' id='word_1_143' title='bbox 659 3008 698 3078; x_wconf 94' lang='lat' dir='ltr'>ln</span> <span class='ocrx_word' id='word_1_144' title='bbox 718 3030 761 3081; x_wconf 93' lang='lat' dir='ltr'>eo</span> <span class='ocrx_word' id='word_1_145' title='bbox 786 3011 966 3081; x_wconf 81' lang='lat' dir='ltr'>Socratem</span> <span class='ocrx_word' id='word_1_146' title='bbox 987 3028 1069 3079; x_wconf 90' lang='lat' dir='ltr'>cum</span> <span class='ocrx_word' id='word_1_147' title='bbox 1090 3009 1211 3081; x_wconf 91' lang='lat' dir='ltr'>Xeno-</span> 
     </span>
    </p>
   </div>
   <div class='ocr_carea' id='block_1_4' title="bbox 142 3142 1217 3915">
    <p class='ocr_par' dir='ltr' id='par_1_10' title="bbox 142 3142 1217 3915">
     <span class='ocr_line' id='line_1_23' title="bbox 143 3142 1212 3240; baseline 0 -25"><span class='ocrx_word' id='word_1_148' title='bbox 143 3145 275 3240; x_wconf 90' lang='lat' dir='ltr'>phonte</span> <span class='ocrx_word' id='word_1_149' title='bbox 314 3166 385 3217; x_wconf 94' lang='lat' dir='ltr'>non</span> <span class='ocrx_word' id='word_1_150' title='bbox 420 3145 567 3218; x_wconf 90' lang='lat' dir='ltr'>omnino</span> <span class='ocrx_word' id='word_1_151' title='bbox 605 3148 824 3220; x_wconf 86' lang='lat' dir='ltr'>consensisse</span> <span class='ocrx_word' id='word_1_152' title='bbox 855 3144 1082 3219; x_wconf 88' lang='lat' dir='ltr'>crediderim.</span> <span class='ocrx_word' id='word_1_153' title='bbox 1120 3142 1212 3227; x_wconf 83' lang='lat' dir='ltr'>Quid</span> 
     </span>
     <span class='ocr_line' id='line_1_24' title="bbox 144 3276 1213 3380; baseline 0.004 -32"><span class='ocrx_word' id='word_1_154' title='bbox 144 3276 263 3349; x_wconf 82' lang='lat' dir='ltr'>enirn?</span> <span class='ocrx_word' id='word_1_155' title='bbox 296 3277 565 3374; x_wconf 85' lang='lat' dir='ltr'>Rernpublicam</span> <span class='ocrx_word' id='word_1_156' title='bbox 601 3283 746 3377; x_wconf 90' lang='lat' dir='ltr'>quidem</span> <span class='ocrx_word' id='word_1_157' title='bbox 780 3306 887 3380; x_wconf 90' lang='lat' dir='ltr'>penes</span> <span class='ocrx_word' id='word_1_158' title='bbox 915 3292 979 3361; x_wconf 72' lang='grc' dir='ltr'>’τὸυς</span> <span class='ocrx_word' id='word_1_159' title='bbox 993 3289 1113 3373; x_wconf 71' lang='grc' dir='ltr'>ἀρίστους</span> <span class='ocrx_word' id='word_1_160' title='bbox 1138 3302 1213 3354; x_wconf 89' lang='lat' dir='ltr'>esse</span> 
     </span>
     <span class='ocr_line' id='line_1_25' title="bbox 143 3392 1214 3513; baseline 0.002 -28"><span class='ocrx_word' id='word_1_161' title='bbox 143 3420 307 3508; x_wconf 90' lang='lat' dir='ltr'>oportere</span> <span class='ocrx_word' id='word_1_162' title='bbox 323 3413 496 3504; x_wconf 89' lang='lat' dir='ltr'>Socrates,</span> <span class='ocrx_word' id='word_1_163' title='bbox 520 3420 556 3485; x_wconf 90' lang='lat' dir='ltr'>nt</span> <span class='ocrx_word' id='word_1_164' title='bbox 577 3392 792 3513; x_wconf 87' lang='lat' dir='ltr'>Xenophon,</span> <span class='ocrx_word' id='word_1_165' title='bbox 816 3425 933 3490; x_wconf 87' lang='lat' dir='ltr'>censet</span> <span class='ocrx_word' id='word_1_166' title='bbox 945 3443 954 3503; x_wconf 93' lang='lat'>;</span> <span class='ocrx_word' id='word_1_167' title='bbox 973 3417 1035 3489; x_wconf 93' lang='lat' dir='ltr'>sed</span> <span class='ocrx_word' id='word_1_168' title='bbox 1056 3439 1115 3489; x_wconf 93' lang='lat' dir='ltr'>eos</span> <span class='ocrx_word' id='word_1_169' title='bbox 1139 3437 1214 3488; x_wconf 89' lang='lat' dir='ltr'>esse</span> 
     </span>
     <span class='ocr_line' id='line_1_26' title="bbox 142 3545 1215 3647; baseline 0.009 -36"><span class='ocrx_word' id='word_1_170' title='bbox 142 3553 200 3621; x_wconf 80' lang='grc' dir='ltr'>τὸυς</span> <span class='ocrx_word' id='word_1_171' title='bbox 214 3552 335 3637; x_wconf 74' lang='grc' dir='ltr'>ἀρίστους</span> <span class='ocrx_word' id='word_1_172' title='bbox 354 3545 520 3644; x_wconf 85' lang='lat' dir='ltr'>inlelligit</span> <span class='ocrx_word' id='word_1_173' title='bbox 535 3571 606 3621; x_wconf 95' lang='lat' dir='ltr'>non</span> <span class='ocrx_word' id='word_1_174' title='bbox 625 3550 685 3645; x_wconf 90' lang='lat' dir='ltr'>qui</span> <span class='ocrx_word' id='word_1_175' title='bbox 709 3549 892 3624; x_wconf 85' lang='lat' dir='ltr'>nobilitate</span> <span class='ocrx_word' id='word_1_176' title='bbox 904 3560 937 3623; x_wconf 91' lang='lat' dir='ltr'>et</span> <span class='ocrx_word' id='word_1_177' title='bbox 954 3549 1082 3622; x_wconf 85' lang='lat' dir='ltr'>divitiis</span> <span class='ocrx_word' id='word_1_178' title='bbox 1102 3549 1215 3647; x_wconf 92' lang='lat' dir='ltr'>pluri·</span> 
     </span>
     <span class='ocr_line' id='line_1_27' title="bbox 142 3681 1214 3781; baseline 0.005 -31"><span class='ocrx_word' id='word_1_179' title='bbox 142 3702 241 3752; x_wconf 92' lang='lat' dir='ltr'>mum</span> <span class='ocrx_word' id='word_1_180' title='bbox 261 3681 432 3779; x_wconf 87' lang='lat' dir='ltr'>polleant,</span> <span class='ocrx_word' id='word_1_181' title='bbox 454 3683 512 3756; x_wconf 92' lang='lat' dir='ltr'>sed</span> <span class='ocrx_word' id='word_1_182' title='bbox 528 3684 603 3779; x_wconf 93' lang='lat' dir='ltr'>qui,</span> <span class='ocrx_word' id='word_1_183' title='bbox 623 3708 728 3781; x_wconf 84' lang='lat' dir='ltr'>porro</span> <span class='ocrx_word' id='word_1_184' title='bbox 747 3685 915 3774; x_wconf 90' lang='lat' dir='ltr'>contenti,</span> <span class='ocrx_word' id='word_1_185' title='bbox 937 3684 1095 3757; x_wconf 91' lang='lat' dir='ltr'>minimis</span> <span class='ocrx_word' id='word_1_186' title='bbox 1113 3682 1214 3756; x_wconf 88' lang='lat' dir='ltr'>rebus</span> 
     </span>
     <span class='ocr_line' id='line_1_28' title="bbox 142 3813 1217 3915; baseline 0.015 -32"><span class='ocrx_word' id='word_1_187' title='bbox 142 3813 335 3912; x_wconf 81' lang='lat' dir='ltr'>indigeant,</span> <span class='ocrx_word' id='word_1_188' title='bbox 358 3814 406 3887; x_wconf 80' lang='lat' dir='ltr'>ita</span> <span class='ocrx_word' id='word_1_189' title='bbox 426 3817 624 3913; x_wconf 84' lang='lat' dir='ltr'>utquidam</span> <span class='ocrx_word' id='word_1_190' title='bbox 642 3822 782 3915; x_wconf 73' lang='lat' dir='ltr'>tyranni</span> <span class='ocrx_word' id='word_1_191' title='bbox 812 3833 845 3897; x_wconf 76' lang='grc' dir='ltr'>ἐις</span> <span class='ocrx_word' id='word_1_192' title='bbox 858 3829 905 3890; x_wconf 81' lang='grc' dir='ltr'>τὸν</span> <span class='ocrx_word' id='word_1_193' title='bbox 918 3831 1017 3908; x_wconf 77' lang='grc' dir='ltr'>δῆμον,</span> <span class='ocrx_word' id='word_1_194' title='bbox 1040 3820 1099 3894; x_wconf 81' lang='lat' dir='ltr'>alii</span> <span class='ocrx_word' id='word_1_195' title='bbox 1127 3843 1217 3894; x_wconf 78' lang='lat' dir='ltr'>con-</span> 
     </span>
    </p>
   </div>
   <div class='ocr_carea' id='block_1_5' title="bbox 178 4066 1039 4156">
    <p class='ocr_par' dir='ltr' id='par_1_11' title="bbox 178 4066 1039 4156">
     <span class='ocr_line' id='line_1_29' title="bbox 178 4066 1039 4156; baseline 0.008 -17"><span class='ocrx_word' id='word_1_196' title='bbox 178 4094 200 4140; x_wconf 86' lang='lat' dir='ltr'>r.</span> <span class='ocrx_word' id='word_1_197' title='bbox 217 4091 307 4156; x_wconf 69' lang='lat' dir='ltr'>suppa</span> <span class='ocrx_word' id='word_1_198' title='bbox 324 4105 350 4139; x_wconf 84' lang='lat' dir='ltr'>v.</span> <span class='ocrx_word' id='word_1_199' title='bbox 366 4092 477 4143; x_wconf 78' lang='lat' dir='ltr'>rasere.</span> <span class='ocrx_word' id='word_1_200' title='bbox 493 4121 521 4129; x_wconf 94' lang='lat'>-</span> <span class='ocrx_word' id='word_1_201' title='bbox 540 4092 578 4143; x_wconf 86' lang='lat' dir='ltr'>cr.</span> <span class='ocrx_word' id='word_1_202' title='bbox 594 4093 672 4144; x_wconf 74' lang='lat' dir='ltr'>rust.</span> <span class='ocrx_word' id='word_1_203' title='bbox 686 4093 762 4145; x_wconf 80' lang='lat' dir='ltr'>rom.</span> <span class='ocrx_word' id='word_1_204' title='bbox 781 4095 797 4144; x_wconf 90' lang='lat'>1.</span> <span class='ocrx_word' id='word_1_205' title='bbox 814 4110 830 4156; x_wconf 81' lang='grc' dir='ltr'>ι,</span> <span class='ocrx_word' id='word_1_206' title='bbox 842 4110 864 4146; x_wconf 74' lang='lat' dir='ltr'>e.</span> <span class='ocrx_word' id='word_1_207' title='bbox 878 4100 901 4156; x_wconf 83' lang='lat' dir='ltr'>e,</span> <span class='ocrx_word' id='word_1_208' title='bbox 918 4100 929 4155; x_wconf 72' lang='lat' dir='ltr'>‚a</span> <span class='ocrx_word' id='word_1_209' title='bbox 945 4098 958 4145; x_wconf 84' lang='lat' dir='ltr'>s</span> <span class='ocrx_word' id='word_1_210' title='bbox 973 4098 1000 4146; x_wconf 76' lang='lat' dir='ltr'>er</span> <span class='ocrx_word' id='word_1_211' title='bbox 1012 4066 1039 4146; x_wconf 76' lang='lat' dir='ltr'>a</span> 
     </span>
    </p>
   </div>
   <div class='ocr_carea' id='block_1_6' title="bbox 0 0 1358 4718">
    <p class='ocr_par' dir='ltr' id='par_1_12' title="bbox 0 0 1358 4718">
     <span class='ocr_line' id='line_1_30' title="bbox 0 0 1358 4718; baseline 0 2"><span class='ocrx_word' id='word_1_212' title='bbox 0 0 1358 4718; x_wconf 95' lang='lat' dir='ltr'> </span> 
     </span>
    </p>
   </div>
  </div>
 </body>
</html>
