2706 4718
576 449 769 514 ..71-

144 609 213 685 tur,
233 603 393 692 agnoscet
415 619 457 669 eo
479 594 673 691 prasertim
692 596 869 672 Socratem
891 595 1054 668 delectari
1076 597 1103 670 si
1126 597 1202 669 ani·
1258 576 1261 580 Α

143 756 220 805 mos
235 731 332 826 quasi
353 729 488 824 laqueis
503 727 749 824 disputationis
764 728 915 801 irretitos
931 728 968 800 in
982 729 1156 825 ambages,
1167 738 1201 803 et

143 870 331 964 ancipitem
356 865 546 961 quamdam
569 864 825 936 dubitationem
858 865 1058 954 adduxerit,
1090 887 1205 961 neque

144 1005 189 1078 ad
222 1005 256 1076 id
285 1009 421 1074 tantum
451 1001 567 1074 valere
600 999 769 1095 captiosas
795 1001 870 1096 ejus
901 1000 1202 1096 interrogationes,

146 1141 183 1206 ut
219 1156 278 1206 eos
311 1133 524 1229 quibuscum
559 1133 773 1228 colloquitur
799 1133 955 1223 irrideat,
999 1134 1059 1207 sed
1100 1136 1206 1206 etiam

148 1277 321 1343 uteorum
341 1269 478 1343 animos
498 1269 663 1358 excutiat,
684 1267 883 1357 conturbet,
906 1291 1081 1365 suamque
1100 1291 1141 1342 ex
1160 1269 1204 1341 iis

148 1403 354 1499 ignorantiae
372 1402 630 1475 contessionem
654 1401 783 1473 eliciat.
808 1404 927 1498 lpsum
956 1401 1039 1474 inde
1054 1403 1152 1498 juvat
1168 1400 1208 1476 ¹se

147 1536 307 1608 coulerre
327 1559 407 1608 cum
425 1510 608 1630 torpedine
622 1536 724 1631 cujus
741 1506 795 1607 'vet
812 1534 963 1607 minimo
976 1541 1106 1607 attactu
1128 1557 1207 1608 sen-

146 1691 206 1740 sus
226 1648 507 1764 perstringantur
526 1674 560 1738 et
580 1667 680 1762 quasi
698 1666 960 1763 obstupescant.

131 1797 134 1799 “
195 1801 234 1872 Ei
256 1800 574 1874 concutiendorum
593 1801 794 1874 animorum
810 1801 959 1873 solertiae
974 1801 1206 1874 libentissime

147 1936 306 2006 Socrates
326 1932 363 2003 in
384 1931 501 2040 priore
519 1931 711 2004 dialecticae
732 1938 832 2027 parte
851 1939 884 2004 et
907 1932 1006 2028 quasi
1032 1943 1129 2002 motu
1148 1929 1208 2000 in-

148 2068 282 2163 dulget,
311 2087 436 2162 quum,
465 2065 672 2162 priusquam
701 2088 832 2138 uorum
860 2065 993 2161 aliquid
1020 2064 1205 2153 instauret,

149 2201 425 2296 vulgatissimam
445 2179 624 2298 quamque
645 2200 849 2296 opinionem
869 2199 1071 2288 labefactat,
1094 2206 1128 2272 et
1147 2224 1210 2273 so·
1269 2191 1275 2202 '

149 2336 347 2432 phialarum
359 2358 517 2432 operam,
536 2358 607 2408 non
624 2335 699 2432 ipse
714 2336 883 2431 sophista,
901 2335 1042 2432 exsequi
1057 2336 1206 2409 ridetur.

149 2471 217 2543 Sed
237 2469 429 2559 interdum,
452 2470 487 2541 in
507 2470 582 2564 ipsa
599 2470 704 2542 etiam
725 2469 952 2543 conclusione
971 2469 1205 2566 dialogorum,

147 2605 275 2678 accidit
296 2613 334 2676 ut
351 2604 584 2704 quaestionem
596 2603 669 2675 huc
681 2602 768 2675 illuc
776 2603 959 2698 jactaverit
976 2603 1087 2698 magis
1101 2626 1209 2700 quam

148 2735 395 2832 profligaverit,
416 2735 515 2830 quasi
545 2756 628 2806 eum
651 2741 861 2829 argumenta
889 2733 1054 2829 colligere
1078 2734 1207 2830 pigeat,
1296 2812 1298 2816 ,

146 2878 180 2944 et
203 2869 379 2943 mantibus
404 2869 592 2964 aenigmata
611 2869 776 2964 quadam
796 2869 993 2964 indaganda
1012 2892 1209 2966 proponere

148 3004 255 3103 malit
270 3029 377 3101 quam
398 3007 561 3104 dogmata
582 3007 739 3102 infigere.
765 3008 958 3080 Contentus
983 3005 1135 3101 denique
1159 3008 1208 3078 vi-

152 3138 267 3226 detur,
291 3140 319 3211 si
348 3140 384 3212 id
414 3140 570 3214 effecerit
589 3147 629 3212 ut
648 3141 830 3214 audientes
851 3161 970 3212 secum
996 3139 1149 3234 cogitent
1177 3145 1211 3211 et

154 3305 232 3355 vera
247 3305 287 3356 ex
306 3305 344 3355 se
364 3283 446 3380 ipsis
466 3292 604 3358 eruant.

204 3419 254 3489 Ne
282 3425 398 3489 tamen
423 3417 554 3492 incidat
574 3417 692 3514 aliqua
712 3415 864 3512 suspicio
884 3412 1102 3502 temeritatis,
1126 3412 1215 3485 hae-

154 3538 260 3622 tenus
275 3552 435 3623 eundum
452 3551 668 3626 arbitramur
686 3577 693 3624 :
712 3572 794 3623 nam
815 3550 930 3646 primo
944 3551 1102 3621 Socrates
1122 3546 1214 3618 intra

153 3706 189 3755 se
216 3682 379 3777 quaedam
406 3683 557 3779 seposita
588 3682 691 3756 babet
725 3680 856 3777 quibus
883 3678 1056 3752 dubitatio
1083 3679 1212 3751 sensim

155 3804 375 3890 removeatur
399 3826 432 3892 et
456 3819 677 3893 audientium
703 3817 812 3889 animi
833 3815 1044 3912 plerumque
1071 3815 1117 3888 ad
1140 3837 1217 3888 cer-

152 3950 278 4023 tiorem
305 3956 434 4023 statum
458 3952 601 4025 tandem
629 3929 787 4024 redeant.
814 3948 962 4035 Deinde,
996 3945 1133 4019 etiamsi
1156 3968 1215 4020 eos

153 4084 422 4160 cunctabundos
442 4087 600 4172 dimittit,
633 4108 693 4158 eos
713 4107 852 4181 semper
880 4082 972 4155 bono
995 4081 1115 4154 animo
1141 4105 1216 4154 esse
