2706 4718
658 492 704 502 .-
732 456 850 534 qq..

316 604 441 673 Tempus
457 603 533 656 euim
549 601 718 669 doctrinam,
731 589 818 671 quani
832 600 971 667 celeritas,

316 688 465 746 Meliorem
480 690 530 745 dat
546 705 552 746 :
568 689 691 744 rusticus
706 693 804 745 autem
817 689 860 744 vir
874 703 993 760 pauper,

319 779 439 834 Etiamsi
454 796 514 834 non
529 778 565 834 sit
579 779 741 850 imperitus,
756 795 816 851 prae
830 777 987 845 laboribus,
1011 807 1015 818 ·

315 869 378 924 Non
392 869 499 940 poterit
513 869 549 924 ad
564 864 692 940 publicas
706 885 752 923 res
767 869 908 939 respicere
927 869 947 923 ¹.

276 1023 388 1096 ‚Unius
411 1027 533 1095 contra
559 1021 781 1093 dominatum
808 1020 1048 1117 gravissimam
1069 1040 1144 1092 esse
1167 1019 1287 1114 reipu-

221 1155 331 1257 blicae
359 1161 491 1251 pestem
523 1156 738 1251 argumentis
768 1144 847 1229 vere
872 1127 1055 1229 Socraticis
1085 1155 1185 1228 idem
1202 1175 1289 1256 pro-

229 1287 288 1360 bat
309 1312 316 1360 :
759 1294 762 1301 '

316 1464 392 1519 Nihil
407 1469 529 1536 tyranno
547 1463 678 1519 infestius
696 1463 813 1532 civitati,

316 1556 379 1624 Ubi,
393 1551 521 1626 primum
536 1553 653 1624 quidem
669 1554 808 1621 omnium,
825 1569 883 1607 non
897 1557 964 1608 sunt
980 1555 1057 1624 leges
1139 1589 1143 1596 ·

277 1694 278 1697 ,
315 1646 497 1712 CommuneS,
511 1660 587 1698 unus
601 1660 667 1698 vero
685 1643 817 1714 imporat,
831 1644 925 1715 legem
938 1643 1088 1714 possidens

315 1735 379 1805 lpse
397 1750 487 1806 penes
506 1749 545 1800 se,
567 1734 594 1786 et
613 1732 685 1786 illud
704 1731 791 1804 (leco)
811 1749 871 1786 nun
889 1733 949 1804 jam
968 1732 1078 1803 aequale
1099 1735 1151 1786 est.

315 1824 431 1895 Scriptis
446 1839 513 1877 vero
528 1822 650 1892 legibus,
666 1822 872 1895 imbecillisque
889 1822 953 1894 (vir)

314 1913 347 1966 Et
362 1911 438 1967 dives
451 1912 498 1983 jus
513 1910 600 1966 habet
614 1927 731 1982 coquum
748 1928 755 1965 :
770 1920 771 1924 ’

314 2003 347 2055 Et
361 1999 427 2054 lieet
440 1998 661 2070 pauperioribus
675 1999 807 2070 ingerere

313 2086 428 2143 Potenti
445 2087 554 2155 cadem,
571 2088 686 2158 quando
698 2089 773 2142 male
790 2089 870 2145 audit
886 2088 1033 2162 (pauper);

313 2177 461 2247 vincitque
480 2177 575 2230 minor
589 2181 747 2245 potentem,
768 2177 792 2231 si
806 2179 915 2249 justam
933 2193 1048 2233 causam
1068 2177 1185 2235 habete
1263 2247 1264 2250 Ἰ

227 2334 269 2403 Ut
285 2331 432 2419 Socrati,
450 2328 499 2402 ita
519 2328 677 2425 Euripidi
698 2325 857 2427 desipere
876 2331 1039 2405 videntur
1052 2299 1115 2425 qui
1133 2332 1288 2428 aliquem

224 2465 445 2561 imperitum,
469 2463 598 2538 divitiis
629 2487 710 2538 vero
746 2438 1076 2550 circumfluentem,
1110 2487 1175 2561 pru
1205 2464 1292 2536 doce

224 2599 456 2687 constituunt,
480 2598 529 2671 ita
548 2605 587 2671 ut
608 2572 992 2694 aliquanduexercitrrs
1011 2596 1065 2670 vel
1084 2597 1290 2694 reipublice

223 2736 317 2808 salus
332 2758 375 2809 ex
390 2759 460 2809 una
477 2736 565 2832 fobu
598 2734 747 2831 pendeat
771 2761 778 2806 ι
802 2734 804 2738 ’
841 2773 844 2778 -
898 2786 901 2793 ,

235 2915 386 2970 Neminem
401 2913 545 2969 commodi
559 2913 668 2985 proprii
683 2929 767 2967 eausa
785 2913 952 2983 praefectum
966 2913 1088 2967 facerem
1103 2912 1240 2984 regionis,

235 3007 332 3076 Neque
345 3005 446 3060 ducem
463 3004 601 3060 exercitus
619 3021 625 3058 ι
642 3020 740 3074 sapere
756 3003 823 3073 (νοῦν
840 3003 915 3076 ἔχειν)
931 3002 1033 3057 ducem
1053 3006 1168 3074 oportet

236 3096 361 3150 Civitatis
378 3111 384 3152 :
402 3095 469 3167 quia
480 3095 523 3150 nir
538 3093 629 3166 quivis
645 3093 717 3165 (ejus
732 3091 784 3166 ost)
800 3095 902 3161 rector,
914 3092 938 3146 si
949 3091 1120 3163 sapientiem
1134 3092 1221 3146 habet
1239 3091 1259 3144 ³.

235 3250 289 3322 Ad
305 3269 503 3338 summum,
521 3221 656 3344 quoties
679 3253 809 3320 statum
830 3246 1032 3343 reipublice
1051 3244 1193 3319 servatis
1210 3243 1294 3338 legi-

235 3379 301 3453 bus
317 3380 488 3454 contineri
508 3383 667 3454 Socrates
683 3379 869 3477 praedicatl
888 3381 1012 3452 Nonne
1031 3385 1065 3452 et
1086 3375 1294 3473 Euripides?

325 3604 332 3618 .
354 3539 360 3615 .
384 3597 508 3615 .....
528 3558 610 3624 Quod
622 3558 699 3613 enim
716 3557 845 3612 continet
857 3556 1008 3612 hominum
1025 3557 1152 3613 civitates
1221 3567 1225 3575 '

323 3652 381 3705 lloc
395 3653 446 3718 est,
463 3649 577 3719 quando
597 3648 660 3721 quis
675 3648 751 3719 leges
766 3649 858 3700 servat
870 3645 990 3701 honeste
1005 3648 1026 3703 l.

235 3803 404 3888 Quadam
430 3810 549 3876 autem
569 3801 637 3873 alia
660 3807 743 3872 sunt
761 3798 946 3872 Socraticae
967 3800 1011 3872 de
1034 3797 1127 3872 civili
1147 3795 1295 3870 scientia

1197 3972 1203 4000 l

265 4049 287 4096 l.
305 4042 396 4109 Suppl.
412 4058 437 4093 u.
453 4048 563 4096 lli-423.
574 4072 602 4080 -
620 4045 643 4093 2.
662 4041 751 4106 Suppl.
762 4057 787 4092 v.
805 4045 915 4098 lae-438.
928 4073 957 4083 —
968 4049 991 4096 3.
1009 4046 1062 4111 ΙρΙι.
1082 4047 1109 4096 in
1122 4041 1180 4094 nal.
1194 4057 1220 4092 v.
1239 4044 1295 4093 373-

236 4129 289 4177 376.
307 4152 336 4160 -
353 4129 376 4175 l.
394 4124 484 4189 Suppl.
500 4141 524 4174 v.
541 4128 586 4176 312
601 4126 626 4174 et
641 4125 695 4174 313.
788 4193 790 4197 ι
1032 4155 1044 4165 .
