2706 4718
454 444 461 456 ’
574 492 619 507 -
647 455 687 525 21
719 492 767 507 -

146 601 375 675 madvertant.
405 603 612 699 Cujusmodi
632 611 806 677 venenum
825 611 859 677 et
880 602 1064 700 Euripides
1084 613 1203 679 censet

142 759 163 811 e
181 736 373 845 viseeribns
395 737 596 835 reipublioae
617 738 829 835 ejiciendum
853 763 860 810 :

213 910 279 965 ldibi
296 908 383 978 eninr,
396 909 536 981 quisquis,
552 909 676 982 injustus
690 909 759 964 dum
774 913 826 978 est,
843 908 960 964 callidus
974 910 1006 965 in
1021 909 1140 965 diceudo

215 1000 337 1068 Exstitit,
354 1001 508 1055 maximam
520 1000 657 1056 muletam
676 999 780 1054 debet:

214 1090 322 1160 Lingua
335 1090 412 1144 enim
427 1088 496 1143 dum
510 1089 630 1145 conlidit
644 1106 672 1144 so
687 1088 795 1159 injusta
812 1103 896 1159 posse
914 1103 1062 1156 exornare,

213 1177 304 1233 audet
322 1179 440 1233 scelesta
454 1181 573 1245 struere,
588 1193 680 1248 neque
696 1179 739 1231 est
752 1175 909 1230 admodum
924 1175 1037 1247 sapiens
1053 1178 1075 1234 ¹.

192 1322 351 1393 Socrates
380 1318 570 1392 arbitratur
598 1311 716 1392 mente
747 1324 865 1415 captos
889 1340 965 1390 esse
998 1318 1077 1414 qui,
1114 1318 1200 1390 dum

143 1455 278 1527 nullam
296 1454 429 1528 babent
448 1454 620 1549 regulam,
643 1453 713 1526 veri
741 1459 774 1525 et
796 1452 874 1538 lalsi
901 1452 999 1548 quasi
1025 1451 1201 1548 discepta-

144 1586 264 1658 tricem
279 1593 313 1658 et
328 1587 500 1681 judicem,
524 1588 835 1683 sapienrosaamen
850 1584 972 1658 baberi
987 1582 1120 1673 volunt,
1138 1606 1205 1656 neo

142 1726 223 1791 sunt
247 1742 364 1793 revera
383 1719 449 1792 nisi
469 1719 657 1810 verborum
677 1719 842 1794 artifices.
867 1722 917 1792 De
937 1719 1068 1815 quibus
1097 1713 1206 1793 Euri-'

144 1855 241 1950 pides
256 1877 328 1927 non
348 1854 449 1927 aliter
468 1856 573 1927 sentit
597 1880 604 1927 :

213 2025 266 2078 llos
281 2023 446 2078 mortalium
459 2041 516 2078 non
532 2041 608 2079 nune
622 2025 748 2095 primum
764 2023 836 2078 duoo
850 2040 910 2078 esse
926 2023 1070 2090 umbram,

214 2113 312 2184 Neque
327 2117 452 2167 tremens
464 2113 585 2168 dixerim
599 2131 648 2168 eos
664 2112 714 2184 qui
733 2113 899 2168 mortalium
913 2113 1059 2185 sapientes

213 2201 348 2257 Videntur
362 2219 433 2270 esse,
450 2205 478 2257 et
493 2202 673 2275 indagatores
689 2203 896 2274 quaestionum·

215 2293 343 2348 Maxima
363 2293 491 2348 stultitiae
506 2310 566 2349 esse
581 2309 646 2347 reos
661 2293 682 2348 ².

193 2437 283 2510 Fieri
302 2444 415 2534 potest
437 2445 474 2509 ut
491 2438 586 2534 apud
607 2435 778 2533 populum
799 2435 1004 2539 imperitum
1025 2443 1058 2508 et
1082 2435 1206 2509 rudem

141 2571 395 2668 aliquantisper
412 2570 518 2645 valeat
532 2571 770 2666 sophistarum
786 2569 1067 2663 vaniloquentia3
1083 2591 1207 2642 eorum

143 2708 261 2775 autem
284 2702 378 2774 lama
405 2702 575 2797 pendete
600 2723 687 2773 vana
712 2699 892 2793 opinione,
922 2699 1206 2794 necquidquam

147 2835 292 2907 victoria
320 2835 405 2907 certi
433 2839 468 2908 et
495 2833 655 2906 diuturni
681 2831 788 2905 babet
818 2859 826 2907 ;
854 2835 1018 2921 nam,'ut
1042 2831 1209 2905 reclamat

146 2969 273 3064 sapius
285 2971 457 3056 Socrates,
475 2991 614 3040 summa
628 2953 769 3040 viotoria
783 2990 888 3064 penes
901 2973 951 3038 est
966 2966 1205 3063 eloquentiam

146 3124 226 3174 vero
241 3102 408 3197 justoque
426 3101 627 3174 subnixam.
651 3104 776 3174 Nonne
794 3107 829 3174 et
851 3101 1035 3197 Euripides
1055 3102 1206 3175 Socratis

147 3236 318 3332 interpres
340 3235 475 3310 ridetur
493 3235 547 3308 his
567 3235 785 3309 carminibus
807 3241 823 3306 ’l

218 3404 239 3458 Ο
259 3404 356 3476 opinio
373 3412 460 3476 (etta),
477 3406 584 3478 opinio,
601 3406 740 3462 sexcentis
751 3407 813 3478 jam
829 3403 1009 3470 mortalibus,
1029 3387 1034 3398 ¹

217 3493 272 3557 Qui
290 3488 373 3547 nihili
388 3499 480 3562 erant,
497 3497 584 3551 sitam
600 3496 724 3551 extulisti
740 3494 933 3566 splendidam.

218 3582 326 3647 Quibus
342 3599 407 3636 vero
423 3585 548 3638 nominis
566 3585 702 3657 splendor
715 3589 757 3639 ost
773 3584 935 3650 aventato,

219 3671 294 3743 (Eos)
308 3672 408 3726 beatos
423 3673 495 3728 duco
515 3691 521 3728 :
539 3675 588 3729 sed
603 3675 652 3746 qui
672 3674 778 3728 babent
794 3692 810 3727 a
826 3670 984 3738 mendacio,
1002 3670 1072 3743 (eos)
1088 3670 1194 3725 habere

221 3761 285 3816 Non
300 3762 458 3831 aestimabo,
474 3769 587 3820 tanturn
604 3782 670 3819 casu
685 3781 783 3835 sapere
799 3763 888 3818 sideri
904 3764 925 3816 ³.

202 3904 356 3978 Etenim
376 3907 403 3977 si
426 3909 505 4005 quis
526 3908 729 3983 meminerit
752 3908 856 4004 quale
880 3907 924 3979 sit
949 3904 1102 3978 Platonis
1123 3925 1210 4000 pro·

185 4121 206 4166 l.
222 4120 288 4169 ,aad
303 4137 326 4170 v.
343 4126 455 4175 :reo-585.
472 4156 500 4162 —
515 4131 542 4177 2:
556 4130 621 4179 llud.
638 4144 661 4178 v.
681 4129 823 4178 laet-1228.
844 4154 863 4160 -
877 4128 899 4173 3.
915 4124 952 4171 ln
965 4122 1048 4179 irone,
1066 4135 1088 4169 v.
1103 4122 1215 4169 alo-324.
