2706 4718
577 462 772 529 ..81-

143 612 345 685 demetiam
365 608 591 706 probavimus
616 615 655 679 ut
674 607 839 702 sophistis
857 609 1016 695 astinem,
1051 610 1123 681 imo
1143 631 1208 683 co-

143 751 304 839 gnatum,
326 744 374 815 ita
389 763 515 815 eornm
534 740 751 812 acerrimum
770 740 1017 814 insectatorem
1043 765 1135 838 saepe
1150 765 1209 815 ex·

145 860 283 932 stitisse.
317 858 466 938 Deinde,
494 879 537 928 cx
564 855 650 928 silva
679 856 937 929 sententiarum
970 880 1057 952 quas
1088 866 1205 952 poeta,

145 994 244 1067 nullo
263 990 424 1065 adhibito
439 990 558 1078 modo,
582 990 619 1061 in
635 989 763 1062 sabulis
777 991 947 1085 congerit,
965 991 1149 1063 nonnullae
1161 992 1210 1063 vi-

144 1126 283 1213 delicut,
306 1125 375 1197 sire
400 1124 445 1196 de
463 1146 607 1197 morum
633 1124 834 1219 disciplina,
855 1125 926 1197 sire
945 1127 988 1198 de
1008 1127 1100 1198 cirili
1117 1151 1209 1223 prn-

145 1260 275 1345 dentia‚
294 1260 364 1331 sire
379 1259 423 1332 dc
438 1257 620 1351 religione,
637 1257 775 1352 excerpi
792 1265 939 1353 possunt
952 1283 1044 1354 quar,
1061 1263 1209 1336 omnino

144 1393 298 1467 acetcris
317 1391 540 1488 philosophis
554 1398 616 1464 aut
635 1390 816 1462 communi
843 1414 947 1463 sensu
962 1391 1207 1481 abhorrentes,

143 1550 184 1597 ex
207 1527 302 1598 l'onte
316 1524 495 1598 Socratico
507 1525 551 1596 ad
565 1523 769 1620 Euripidem
787 1533 1030 1598 manaverunt.
1050 1526 1209 1600 Diximus

144 1679 286 1753 quoque
306 1657 342 1729 in
362 1656 561 1731 alliciendis
581 1656 708 1729 animis
728 1657 884 1750 aliquem
906 1680 981 1731 esse
1013 1660 1209 1754 Euripidem

144 1794 323 1889 tragmdiae
338 1816 421 1866 cnm
442 1793 619 1865 Socratica
637 1792 821 1865 dialectica
835 1795 1117 1889 congruentiam.
1142 1800 1209 1871 De·

145 1929 253 2022 nique
267 1926 311 1999 ab
330 1925 566 2022 Aristophane
585 1933 777 2022 utrumque
804 1927 933 2000 iisdem
952 1952 1062 2027 prope
1083 1932 1211 2004 crimi-

145 2059 407 2156 nihuspetitum
420 2082 495 2132 esse
508 2059 613 2155 pitane
633 2062 890 2157 perspeximus,
914 2073 1099 2160 propterea
1112 2066 1209 2160 quod

145 2192 302 2264 comicus
320 2193 382 2265 illc
397 2201 513 2289 pocta,
537 2218 648 2288 quum
662 2193 727 2266 sihi
743 2196 963 2292 praecipuum
980 2220 1112 2270 munus
1133 2222 1209 2269 sus-

145 2328 292 2423 cepisset
308 2337 346 2399 ut
361 2327 605 2421 antiquitatem
631 2328 849 2418 (intenderet,
877 2338 1057 2405 Socratem
1078 2341 1112 2406 ct
1132 2336 1210 2406 Eu-

146 2459 294 2555 ripidem
323 2481 411 2531 nova
435 2482 579 2555 prorsus
600 2467 678 2531 tum
701 2459 737 2531 in
772 2462 1036 2559 philosophiam
1063 2474 1139 2538 turn
1173 2465 1208 2537 iu

145 2616 287 2667 scenam
307 2596 440 2667 inferre
458 2595 655 2667 rectissimo
674 2596 849 2669 sensisset.

196 2859 241 2930 tt.
271 2858 364 2942 huid
385 2858 467 2931 inde
483 2864 671 2957 sequitur?
692 2866 824 2937 lterum
844 2864 881 2936 id
900 2866 1104 2938 contirmari
1127 2888 1210 2939 cen-

145 3012 262 3061 semus
284 2991 381 3086 quod
402 2991 494 3065 intur
514 2993 703 3090 plerosque
722 2996 829 3070 hodie
848 2998 1023 3086 convenit,
1046 2998 1210 3095 philoso-

146 3122 266 3217 phiam
293 3124 427 3196 scilicet
453 3133 487 3197 et
512 3128 646 3222 poesim
667 3130 863 3201 arctissimo
889 3131 1070 3225 conjungi,
1094 3154 1210 3226 neque

147 3277 254 3327 unam
276 3277 406 3326 norum
431 3256 500 3329 iter·
520 3260 655 3353 ingredi
680 3284 781 3356 posse
805 3262 891 3357 quin
915 3285 1036 3335 serum
1061 3265 1209 3339 alteram

146 3388 268 3484 rapiat.
296 3389 398 3472 Quod
427 3412 508 3463 sero
531 3394 575 3463 ad
606 3393 740 3465 litteras
768 3395 943 3490 imprimis
963 3407 1109 3492 spectat,
1134 3402 1209 3492 jam

144 3542 332 3613 possumus
353 3522 574 3595 notissimam
596 3524 640 3596 de
662 3526 828 3621 Euripide
848 3528 1046 3601 Aristotelis
1065 3538 1212 3601 sentun-

145 3654 228 3723 tiam
249 3654 366 3745 latius,
389 3656 556 3752 ideoque,
582 3667 617 3729 ut
632 3660 782 3748 ridetur,
804 3663 934 3734 rectius
950 3664 1175 3759 interpretari
1200 3688 1208 3737 ε

145 3806 226 3855 naut
243 3810 353 3880 qunut
377 3787 436 3859 ille
460 3790 665 3886 Euripidem
695 3822 709 3855 a
735 3793 897 3865 homiues
919 3794 1042 3889 quales
1061 3796 1130 3867 siut
1153 3820 1211 3869 rc-

145 3942 225 3991 rura
252 3920 432 3993 eihrrxissc
454 3954 468 3989 u
492 3926 715 4019 pronuntiat,
747 3927 831 4001 indo
866 3928 1013 4023 intelligi
1044 3932 1211 4001 nolumus·

144 4073 227 4121 rum
254 4051 344 4125 iuter·
365 4062 484 4148 podas
503 4059 816 4132 arritumcrandum
837 4062 912 4155 (μή,
931 4060 1018 4133 dum
1039 4061 1128 4133 nihil
1145 4062 1210 4135 nisi

1089 4192 1105 4233 li
