2706 4718
545 1322 744 1409 CAPUT
785 1323 821 1407 ll

236 1633 281 1682 DE
311 1632 497 1682 RELIGIONE
522 1634 615 1684 APUD
641 1634 822 1684 SOCRATEM
850 1635 891 1683 ΕΤ
917 1635 1124 1686 EURlPlDEM.

199 1964 243 2033 Ut
265 1960 358 2033 hanc
375 1965 504 2032 nostrae
523 1957 777 2054 disquisitionis
804 1964 942 2055 partem
968 1980 1048 2053 quae
1072 1957 1211 2030 adrem

152 2094 304 2166 multum
328 2092 488 2167 conserat
519 2090 707 2188 diligenter
732 2114 981 2188 exsequamur,
1013 2090 1211 2189 perspicere

150 2227 263 2324 primu
277 2225 448 2300 debemus
468 2248 538 2322 quo
552 2225 660 2298 modo
676 2225 861 2321 Euripides
875 2225 911 2296 in
932 2224 1138 2321 popularem
1156 2246 1210 2296 re-

150 2358 316 2455 ligionem
340 2362 497 2436 inuectus
518 2361 636 2448 luerit,
662 2361 790 2434 deinde
809 2362 897 2457 quid
918 2362 1109 2434 denatura
1130 2358 1207 2447 Dei,

150 2496 382 2585 Prouidentia,
415 2496 525 2569 animi
549 2496 811 2569 immortalitate
839 2504 875 2570 et
893 2496 963 2568 rita
992 2495 1111 2568 lutura
1134 2492 1216 2588 ipse·

148 2632 288 2706 dixerit.

201 2903 226 2970 l.
256 2899 402 2973 Minime
424 2923 477 2974 res
503 2899 656 2997 pustulat
687 2905 727 2974 ut
743 2923 966 2997 quecunque
992 2897 1142 2974 crimina
1172 2900 1207 2972 iu

150 3034 232 3106 deos
253 3034 437 3131 Euripides
461 3035 643 3130 ingesserit
665 3035 805 3132 singula
831 3036 1072 3123 excutiamus3
1101 3056 1206 3131 quarn
1238 3113 1241 3118 ,

148 3168 292 3263 quidem
311 3168 524 3265 prouinciam
540 3169 653 3243 multu
675 3168 794 3268 plures
805 3136 880 3266 jam
895 3167 961 3242 sibi
972 3170 1203 3263 assignavere.

147 3301 271 3374 Nostra
293 3302 400 3376 modu
417 3305 534 3390 retent,
551 3327 661 3401 quum
683 3326 783 3401 paene
792 3303 979 3383 innumera
988 3301 1057 3374 sint
1077 3299 1207 3396 quihus

100 3398 110 3421 ⁸
145 3442 262 3506 noster·
281 3443 398 3532 poeta,
431 3438 622 3535 equalium
649 3460 760 3525 more,
783 3437 866 3510 deus
891 3435 1063 3509 acerrime
1088 3433 1204 3507 incre-

142 3570 271 3662 puerit,
299 3595 460 3668 quaerere
483 3598 528 3648 an
552 3574 717 3670 quaedam
743 3573 813 3645 sire
839 3594 882 3645 ex
905 3574 1046 3644 Socrate
1071 3569 1142 3643 sive
1164 3592 1206 3643 ex
1261 3642 1268 3650 ,

141 3716 259 3777 mente
290 3707 467 3780 Socratica
496 3709 672 3807 proficisci
699 3707 894 3781 uideantur.
930 3705 985 3777 Ad
1011 3705 1048 3778 id
1076 3703 1206 3800 dijudi-

141 3841 310 3931 candum,
332 3843 466 3917 mentio
485 3844 583 3939 prius
603 3842 767 3916 habenda
781 3850 830 3916 est
846 3843 890 3916 de
907 3840 1100 3921 certamine
1116 3841 1207 3936 jam·

142 3974 276 4070 pridem
310 4000 331 4050 a
364 3978 585 4075 philosophis
612 3979 648 4051 iu
675 3979 855 4074 vulgarem
888 3976 1096 4073 religionem
1127 3998 1205 4047 sus-

142 4120 254 4208 cepto·
