<?xml version="1.0" encoding="UTF-8"?>
<!DOCTYPE html PUBLIC "-//W3C//DTD XHTML 1.0 Transitional//EN"
    "http://www.w3.org/TR/xhtml1/DTD/xhtml1-transitional.dtd">
<html xmlns="http://www.w3.org/1999/xhtml" xml:lang="en" lang="en">
 <head>
  <title>
</title>
<meta http-equiv="Content-Type" content="text/html;charset=utf-8" />
  <meta name='ocr-system' content='tesseract 3.04.00' />
  <meta name='ocr-capabilities' content='ocr_page ocr_carea ocr_par ocr_line ocrx_word'/>
</head>
<body>
  <div class='ocr_page' id='page_1' title='image "./desocraticaedoc00feuggoog_0074.png"; bbox 0 0 2706 4718; ppageno 0'>
   <div class='ocr_carea' id='block_1_1' title="bbox 577 462 769 529">
    <p class='ocr_par' dir='ltr' id='par_1_1' title="bbox 577 462 769 529">
     <span class='ocr_line' id='line_1_1' title="bbox 577 462 769 529; baseline 0.016 -21"><span class='ocrx_word' id='word_1_1' title='bbox 577 462 769 529; x_wconf 80' lang='lat'>..67-</span> 
     </span>
    </p>
   </div>
   <div class='ocr_carea' id='block_1_2' title="bbox 141 603 1208 1368">
    <p class='ocr_par' dir='ltr' id='par_1_2' title="bbox 141 603 1208 1368">
     <span class='ocr_line' id='line_1_2' title="bbox 142 603 1205 705; baseline 0.005 -31"><span class='ocrx_word' id='word_1_2' title='bbox 142 603 294 677; x_wconf 82' lang='lat' dir='ltr'><strong>maxime</strong></span> <span class='ocrx_word' id='word_1_3' title='bbox 325 628 446 678; x_wconf 92' lang='lat' dir='ltr'><strong>secum</strong></span> <span class='ocrx_word' id='word_1_4' title='bbox 477 607 728 703; x_wconf 83' lang='lat' dir='ltr'>pugnantibus,</span> <span class='ocrx_word' id='word_1_5' title='bbox 761 633 840 704; x_wconf 74' lang='lat' dir='ltr'><strong>quae</strong></span> <span class='ocrx_word' id='word_1_6' title='bbox 873 609 968 705; x_wconf 90' lang='lat' dir='ltr'><strong>apud</strong></span> <span class='ocrx_word' id='word_1_7' title='bbox 999 608 1205 704; x_wconf 76' lang='lat' dir='ltr'><strong>Euripidem</strong></span> 
     </span>
     <span class='ocr_line' id='line_1_3' title="bbox 142 735 1202 836; baseline 0.003 -29"><span class='ocrx_word' id='word_1_8' title='bbox 142 736 188 807; x_wconf 93' lang='lat' dir='ltr'><strong>ad</strong></span> <span class='ocrx_word' id='word_1_9' title='bbox 212 735 413 809; x_wconf 92' lang='lat' dir='ltr'><strong>animorum</strong></span> <span class='ocrx_word' id='word_1_10' title='bbox 434 744 595 810; x_wconf 84' lang='lat' dir='ltr'><strong>naturam</strong></span> <span class='ocrx_word' id='word_1_11' title='bbox 622 747 657 813; x_wconf 91' lang='lat' dir='ltr'><strong>et</strong></span> <span class='ocrx_word' id='word_1_12' title='bbox 684 740 984 814; x_wconf 88' lang='lat' dir='ltr'><strong>immortalitatem</strong></span> <span class='ocrx_word' id='word_1_13' title='bbox 1011 739 1202 836; x_wconf 85' lang='lat' dir='ltr'><strong>pertinent,</strong></span> 
     </span>
     <span class='ocr_line' id='line_1_4' title="bbox 142 867 1203 968; baseline 0.004 -30"><span class='ocrx_word' id='word_1_14' title='bbox 142 867 308 962; x_wconf 81' lang='lat' dir='ltr'>pauciora</span> <span class='ocrx_word' id='word_1_15' title='bbox 326 867 427 941; x_wconf 91' lang='lat' dir='ltr'><strong>nobis</strong></span> <span class='ocrx_word' id='word_1_16' title='bbox 442 877 524 941; x_wconf 89' lang='lat' dir='ltr'><strong>suut</strong></span> <span class='ocrx_word' id='word_1_17' title='bbox 540 869 712 944; x_wconf 90' lang='lat' dir='ltr'><strong>dicenda:</strong></span> <span class='ocrx_word' id='word_1_18' title='bbox 734 894 829 961; x_wconf 90' lang='lat' dir='ltr'><strong>nam,</strong></span> <span class='ocrx_word' id='word_1_19' title='bbox 853 879 891 943; x_wconf 91' lang='lat' dir='ltr'><strong>ut</strong></span> <span class='ocrx_word' id='word_1_20' title='bbox 905 895 985 944; x_wconf 89' lang='lat' dir='ltr'><strong>vere</strong></span> <span class='ocrx_word' id='word_1_21' title='bbox 999 872 1203 968; x_wconf 77' lang='lat' dir='ltr'><strong>loquamur,</strong></span> 
     </span>
     <span class='ocr_line' id='line_1_5' title="bbox 142 992 1203 1102; baseline 0.005 -31"><span class='ocrx_word' id='word_1_22' title='bbox 142 1001 234 1073; x_wconf 90' lang='lat' dir='ltr'><strong>nihil</strong></span> <span class='ocrx_word' id='word_1_23' title='bbox 269 1009 376 1075; x_wconf 80' lang='lat' dir='ltr'><strong>exstat</strong></span> <span class='ocrx_word' id='word_1_24' title='bbox 408 1003 503 1098; x_wconf 93' lang='lat' dir='ltr'><strong>quod</strong></span> <span class='ocrx_word' id='word_1_25' title='bbox 536 992 613 1076; x_wconf 88' lang='lat' dir='ltr'><strong>sine</strong></span> <span class='ocrx_word' id='word_1_26' title='bbox 649 1003 758 1078; x_wconf 91' lang='lat' dir='ltr'><strong>dubio</strong></span> <span class='ocrx_word' id='word_1_27' title='bbox 787 1012 827 1078; x_wconf 84' lang='lat' dir='ltr'><strong>eir</strong></span> <span class='ocrx_word' id='word_1_28' title='bbox 864 1008 1004 1079; x_wconf 89' lang='lat' dir='ltr'><strong>Socrate</strong></span> <span class='ocrx_word' id='word_1_29' title='bbox 1040 1003 1203 1102; x_wconf 80' lang='lat' dir='ltr'>pendeat.</span> 
     </span>
     <span class='ocr_line' id='line_1_6' title="bbox 143 1135 1208 1234; baseline 0.007 -29"><span class='ocrx_word' id='word_1_30' title='bbox 143 1136 274 1207; x_wconf 83' lang='lat' dir='ltr'>Contra</span> <span class='ocrx_word' id='word_1_31' title='bbox 308 1135 491 1231; x_wconf 86' lang='lat' dir='ltr'><strong>Euripides</strong></span> <span class='ocrx_word' id='word_1_32' title='bbox 529 1139 746 1234; x_wconf 72' lang='lat' dir='ltr'>Anaxagora</span> <span class='ocrx_word' id='word_1_33' title='bbox 782 1144 886 1233; x_wconf 88' lang='lat' dir='ltr'><strong>atque</strong></span> <span class='ocrx_word' id='word_1_34' title='bbox 925 1139 1031 1212; x_wconf 88' lang='lat' dir='ltr'><strong>etiam</strong></span> <span class='ocrx_word' id='word_1_35' title='bbox 1073 1141 1208 1234; x_wconf 86' lang='lat' dir='ltr'><strong>Empe-</strong></span> 
     </span>
     <span class='ocr_line' id='line_1_7' title="bbox 141 1262 1050 1368; baseline 0.009 -30"><span class='ocrx_word' id='word_1_36' title='bbox 141 1266 254 1368; x_wconf 78' lang='lat' dir='ltr'><strong>doclis</strong></span> <span class='ocrx_word' id='word_1_37' title='bbox 270 1267 493 1366; x_wconf 83' lang='lat' dir='ltr'><strong>disciplinam</strong></span> <span class='ocrx_word' id='word_1_38' title='bbox 509 1271 607 1366; x_wconf 85' lang='lat' dir='ltr'><strong>sequi</strong></span> <span class='ocrx_word' id='word_1_39' title='bbox 628 1272 778 1356; x_wconf 84' lang='lat' dir='ltr'><strong>ridetur,</strong></span> <span class='ocrx_word' id='word_1_40' title='bbox 802 1295 912 1367; x_wconf 92' lang='lat' dir='ltr'><strong>quum</strong></span> <span class='ocrx_word' id='word_1_41' title='bbox 934 1262 1020 1345; x_wconf 91' lang='lat' dir='ltr'><strong>dicit</strong></span> <span class='ocrx_word' id='word_1_42' title='bbox 1041 1299 1050 1346; x_wconf 76' lang='grc' dir='ltr'><strong>ε</strong></span> 
     </span>
    </p>
   </div>
   <div class='ocr_carea' id='block_1_3' title="bbox 145 1456 1211 3054">
    <p class='ocr_par' dir='ltr' id='par_1_3' title="bbox 284 1456 750 1527">
     <span class='ocr_line' id='line_1_8' title="bbox 284 1456 750 1527; baseline 0.004 -17"><span class='ocrx_word' id='word_1_43' title='bbox 284 1456 357 1510; x_wconf 89' lang='lat' dir='ltr'><strong>Eunt</strong></span> <span class='ocrx_word' id='word_1_44' title='bbox 371 1459 528 1511; x_wconf 83' lang='lat' dir='ltr'><strong>retrorsum</strong></span> <span class='ocrx_word' id='word_1_45' title='bbox 544 1471 608 1527; x_wconf 86' lang='lat' dir='ltr'><strong>qnae</strong></span> <span class='ocrx_word' id='word_1_46' title='bbox 624 1461 750 1512; x_wconf 83' lang='lat' dir='ltr'><strong>exterra</strong></span> 
     </span>
    </p>

    <p class='ocr_par' dir='ltr' id='par_1_4' title="bbox 288 1546 899 1618">
     <span class='ocr_line' id='line_1_9' title="bbox 288 1546 899 1618; baseline 0 -18"><span class='ocrx_word' id='word_1_47' title='bbox 288 1546 360 1600; x_wconf 81' lang='lat' dir='ltr'><strong>Nata</strong></span> <span class='ocrx_word' id='word_1_48' title='bbox 370 1548 437 1601; x_wconf 85' lang='lat' dir='ltr'><strong>sunt</strong></span> <span class='ocrx_word' id='word_1_49' title='bbox 453 1547 604 1601; x_wconf 88' lang='lat' dir='ltr'><strong>interram</strong></span> <span class='ocrx_word' id='word_1_50' title='bbox 620 1564 627 1600; x_wconf 92' lang='lat'>:</span> <span class='ocrx_word' id='word_1_51' title='bbox 649 1564 713 1618; x_wconf 85' lang='lat' dir='ltr'><strong>quae</strong></span> <span class='ocrx_word' id='word_1_52' title='bbox 727 1565 762 1602; x_wconf 84' lang='lat' dir='ltr'><strong>ex</strong></span> <span class='ocrx_word' id='word_1_53' title='bbox 776 1548 899 1603; x_wconf 77' lang='lat' dir='ltr'><strong>aethereo</strong></span> 
     </span>
    </p>

    <p class='ocr_par' dir='ltr' id='par_1_5' title="bbox 285 1631 890 1724">
     <span class='ocr_line' id='line_1_10' title="bbox 285 1631 890 1724; baseline 0.007 -36"><span class='ocrx_word' id='word_1_54' title='bbox 285 1634 478 1690; x_wconf 87' lang='lat' dir='ltr'><strong>Ellloruerunt</strong></span> <span class='ocrx_word' id='word_1_55' title='bbox 498 1639 593 1705; x_wconf 89' lang='lat' dir='ltr'><strong>partu,</strong></span> <span class='ocrx_word' id='word_1_56' title='bbox 613 1636 643 1724; x_wconf 80' lang='lat' dir='ltr'><strong>in</strong></span> <span class='ocrx_word' id='word_1_57' title='bbox 660 1638 802 1692; x_wconf 72' lang='lat' dir='ltr'><strong>coelestem</strong></span> <span class='ocrx_word' id='word_1_58' title='bbox 880 1631 890 1657; x_wconf 84' lang='lat'>⁸</span> 
     </span>
    </p>

    <p class='ocr_par' dir='ltr' id='par_1_6' title="bbox 145 1724 1211 3054">
     <span class='ocr_line' id='line_1_11' title="bbox 287 1724 887 1781; baseline 0.003 -5"><span class='ocrx_word' id='word_1_59' title='bbox 287 1724 389 1777; x_wconf 92' lang='lat' dir='ltr'><strong>Polum</strong></span> <span class='ocrx_word' id='word_1_60' title='bbox 403 1724 525 1778; x_wconf 87' lang='lat' dir='ltr'><strong>redeunt</strong></span> <span class='ocrx_word' id='word_1_61' title='bbox 540 1731 546 1762; x_wconf 86' lang='lat'><strong>¹</strong></span> <span class='ocrx_word' id='word_1_62' title='bbox 553 1765 887 1781; x_wconf 89' lang='grc'>........</span> 
     </span>
     <span class='ocr_line' id='line_1_12' title="bbox 145 1882 1205 1979; baseline 0.001 -26"><span class='ocrx_word' id='word_1_63' title='bbox 145 1885 249 1969; x_wconf 81' lang='lat' dir='ltr'><strong>Quod</strong></span> <span class='ocrx_word' id='word_1_64' title='bbox 267 1884 413 1958; x_wconf 93' lang='lat' dir='ltr'><strong>omnino</strong></span> <span class='ocrx_word' id='word_1_65' title='bbox 433 1884 599 1959; x_wconf 87' lang='lat' dir='ltr'><strong>abhorret</strong></span> <span class='ocrx_word' id='word_1_66' title='bbox 616 1910 637 1958; x_wconf 91' lang='lat' dir='ltr'><strong>a</strong></span> <span class='ocrx_word' id='word_1_67' title='bbox 657 1886 833 1959; x_wconf 85' lang='lat' dir='ltr'><strong>Socratica</strong></span> <span class='ocrx_word' id='word_1_68' title='bbox 848 1883 1039 1973; x_wconf 80' lang='lat' dir='ltr'><strong>sententia,</strong></span> <span class='ocrx_word' id='word_1_69' title='bbox 1065 1882 1205 1979; x_wconf 92' lang='lat' dir='ltr'><strong>qualem</strong></span> 
     </span>
     <span class='ocr_line' id='line_1_13' title="bbox 146 2019 1206 2116; baseline 0 -28"><span class='ocrx_word' id='word_1_70' title='bbox 146 2019 344 2114; x_wconf 83' lang='lat' dir='ltr'>Xenophon</span> <span class='ocrx_word' id='word_1_71' title='bbox 370 2021 448 2114; x_wconf 76' lang='lat' dir='ltr'><strong>Cyri</strong></span> <span class='ocrx_word' id='word_1_72' title='bbox 481 2020 663 2093; x_wconf 91' lang='lat' dir='ltr'><strong>morientis</strong></span> <span class='ocrx_word' id='word_1_73' title='bbox 699 2020 856 2094; x_wconf 91' lang='lat' dir='ltr'><strong>oratione</strong></span> <span class='ocrx_word' id='word_1_74' title='bbox 883 2019 1064 2116; x_wconf 83' lang='lat' dir='ltr'><strong>explicavit</strong></span> <span class='ocrx_word' id='word_1_75' title='bbox 1093 2040 1206 2090; x_wconf 90' lang='lat' dir='ltr'><strong>:uam</strong></span> 
     </span>
     <span class='ocr_line' id='line_1_14' title="bbox 146 2137 1208 2252; baseline -0.003 -27"><span class='ocrx_word' id='word_1_76' title='bbox 146 2137 292 2225; x_wconf 85' lang='lat' dir='ltr'><strong>confidit</strong></span> <span class='ocrx_word' id='word_1_77' title='bbox 316 2155 477 2250; x_wconf 33' lang='lat' dir='ltr'><strong>Socrates·</strong></span> <span class='ocrx_word' id='word_1_78' title='bbox 501 2155 674 2243; x_wconf 87' lang='lat' dir='ltr'><strong>animum,</strong></span> <span class='ocrx_word' id='word_1_79' title='bbox 705 2155 731 2226; x_wconf 87' lang='lat' dir='ltr'><strong>si</strong></span> <span class='ocrx_word' id='word_1_80' title='bbox 761 2153 851 2228; x_wconf 82' lang='lat' dir='ltr'><strong>vivat</strong></span> <span class='ocrx_word' id='word_1_81' title='bbox 881 2154 1037 2252; x_wconf 87' lang='lat' dir='ltr'><strong>corporis</strong></span> <span class='ocrx_word' id='word_1_82' title='bbox 1064 2152 1208 2249; x_wconf 92' lang='lat' dir='ltr'><strong>quidem</strong></span> 
     </span>
     <span class='ocr_line' id='line_1_15' title="bbox 146 2264 1211 2383; baseline -0.001 -24"><span class='ocrx_word' id='word_1_83' title='bbox 146 2285 374 2382; x_wconf 81' lang='lat' dir='ltr'><strong>compagibus</strong></span> <span class='ocrx_word' id='word_1_84' title='bbox 400 2264 594 2376; x_wconf 77' lang='lat' dir='ltr'><strong>exsolutus,</strong></span> <span class='ocrx_word' id='word_1_85' title='bbox 624 2288 669 2360; x_wconf 92' lang='lat' dir='ltr'><strong>ad</strong></span> <span class='ocrx_word' id='word_1_86' title='bbox 698 2286 787 2358; x_wconf 92' lang='lat' dir='ltr'><strong>illud</strong></span> <span class='ocrx_word' id='word_1_87' title='bbox 816 2288 986 2376; x_wconf 85' lang='lat' dir='ltr'><strong>divinum,</strong></span> <span class='ocrx_word' id='word_1_88' title='bbox 1016 2288 1109 2359; x_wconf 92' lang='lat' dir='ltr'><strong>unde</strong></span> <span class='ocrx_word' id='word_1_89' title='bbox 1129 2309 1211 2383; x_wconf 91' lang='lat' dir='ltr'>pro-</span> 
     </span>
     <span class='ocr_line' id='line_1_16' title="bbox 149 2416 1208 2518; baseline -0.002 -25"><span class='ocrx_word' id='word_1_90' title='bbox 149 2422 259 2493; x_wconf 87' lang='lat' dir='ltr'><strong>iectus</strong></span> <span class='ocrx_word' id='word_1_91' title='bbox 286 2416 404 2511; x_wconf 82' lang='lat' dir='ltr'><strong>luerit,</strong></span> <span class='ocrx_word' id='word_1_92' title='bbox 429 2444 606 2493; x_wconf 88' lang='lat' dir='ltr'><strong>reversum</strong></span> <span class='ocrx_word' id='word_1_93' title='bbox 628 2420 689 2506; x_wconf 91' lang='lat' dir='ltr'><strong>iri;</strong></span> <span class='ocrx_word' id='word_1_94' title='bbox 720 2443 801 2492; x_wconf 93' lang='lat' dir='ltr'><strong>eum</strong></span> <span class='ocrx_word' id='word_1_95' title='bbox 823 2444 951 2518; x_wconf 90' lang='lat' dir='ltr'>nempe</span> <span class='ocrx_word' id='word_1_96' title='bbox 970 2420 1208 2493; x_wconf 78' lang='lat' dir='ltr'><strong>immortalem</strong></span> 
     </span>
     <span class='ocr_line' id='line_1_17' title="bbox 147 2552 1210 2650; baseline -0.002 -24"><span class='ocrx_word' id='word_1_97' title='bbox 147 2577 234 2642; x_wconf 89' lang='lat' dir='ltr'><strong>esse,</strong></span> <span class='ocrx_word' id='word_1_98' title='bbox 268 2555 363 2650; x_wconf 93' lang='lat' dir='ltr'><strong>quod</strong></span> <span class='ocrx_word' id='word_1_99' title='bbox 389 2553 516 2627; x_wconf 85' lang='lat' dir='ltr'><strong>mentis</strong></span> <span class='ocrx_word' id='word_1_100' title='bbox 544 2554 593 2635; x_wconf 68' lang='lat' dir='ltr'><strong>‚sit</strong></span> <span class='ocrx_word' id='word_1_101' title='bbox 627 2553 815 2650; x_wconf 85' lang='lat' dir='ltr'><strong>particeps,</strong></span> <span class='ocrx_word' id='word_1_102' title='bbox 847 2577 1031 2650; x_wconf 86' lang='lat' dir='ltr'><strong>meusque,</strong></span> <span class='ocrx_word' id='word_1_103' title='bbox 1061 2552 1210 2648; x_wconf 85' lang='lat' dir='ltr'><strong>simplex</strong></span> 
     </span>
     <span class='ocr_line' id='line_1_18' title="bbox 149 2683 1211 2786; baseline 0 -26"><span class='ocrx_word' id='word_1_104' title='bbox 149 2697 273 2762; x_wconf 89' lang='lat' dir='ltr'><strong>natura</strong></span> <span class='ocrx_word' id='word_1_105' title='bbox 294 2697 327 2763; x_wconf 91' lang='lat' dir='ltr'><strong>et</strong></span> <span class='ocrx_word' id='word_1_106' title='bbox 343 2687 535 2778; x_wconf 84' lang='lat' dir='ltr'><strong>individua,</strong></span> <span class='ocrx_word' id='word_1_107' title='bbox 554 2683 755 2765; x_wconf 71' lang='lat' dir='ltr'><strong>non‘morte</strong></span> <span class='ocrx_word' id='word_1_108' title='bbox 771 2688 911 2761; x_wconf 84' lang='lat' dir='ltr'><strong>dissolri</strong></span> <span class='ocrx_word' id='word_1_109' title='bbox 928 2689 1047 2786; x_wconf 89' lang='lat' dir='ltr'><strong>possit.</strong></span> <span class='ocrx_word' id='word_1_110' title='bbox 1065 2689 1211 2771; x_wconf 78' lang='lat' dir='ltr'><strong>Animos</strong></span> 
     </span>
     <span class='ocr_line' id='line_1_19' title="bbox 148 2814 1210 2925; baseline -0.007 -28"><span class='ocrx_word' id='word_1_111' title='bbox 148 2833 265 2897; x_wconf 88' lang='lat' dir='ltr'><strong>autem</strong></span> <span class='ocrx_word' id='word_1_112' title='bbox 287 2814 520 2897; x_wconf 68' lang='lat' dir='ltr'><strong>cum&#39;aetlrerc</strong></span> <span class='ocrx_word' id='word_1_113' title='bbox 548 2822 769 2911; x_wconf 85' lang='lat' dir='ltr'><strong>commixtos,</strong></span> <span class='ocrx_word' id='word_1_114' title='bbox 792 2827 846 2895; x_wconf 87' lang='lat' dir='ltr'><strong>sul</strong></span> <span class='ocrx_word' id='word_1_115' title='bbox 871 2846 942 2897; x_wconf 93' lang='lat' dir='ltr'><strong>non</strong></span> <span class='ocrx_word' id='word_1_116' title='bbox 964 2821 1136 2925; x_wconf 81' lang='lat' dir='ltr'><strong>conscios,</strong></span> <span class='ocrx_word' id='word_1_117' title='bbox 1160 2819 1210 2891; x_wconf 86' lang='lat' dir='ltr'><strong>vi-</strong></span> 
     </span>
     <span class='ocr_line' id='line_1_20' title="bbox 148 2955 1209 3054; baseline -0.003 -25"><span class='ocrx_word' id='word_1_118' title='bbox 148 2982 237 3046; x_wconf 83' lang='lat' dir='ltr'><strong>rere,</strong></span> <span class='ocrx_word' id='word_1_119' title='bbox 261 2958 462 3053; x_wconf 87' lang='lat' dir='ltr'><strong>mentisque</strong></span> <span class='ocrx_word' id='word_1_120' title='bbox 487 2962 643 3054; x_wconf 84' lang='lat' dir='ltr'><strong>expertes</strong></span> <span class='ocrx_word' id='word_1_121' title='bbox 668 2979 709 3030; x_wconf 89' lang='lat' dir='ltr'><strong>ex</strong></span> <span class='ocrx_word' id='word_1_122' title='bbox 737 2980 806 3052; x_wconf 93' lang='lat' dir='ltr'><strong>qua</strong></span> <span class='ocrx_word' id='word_1_123' title='bbox 836 2957 953 3031; x_wconf 87' lang='lat' dir='ltr'><strong>omnis</strong></span> <span class='ocrx_word' id='word_1_124' title='bbox 977 2963 1112 3030; x_wconf 85' lang='lat' dir='ltr'><strong>constat</strong></span> <span class='ocrx_word' id='word_1_125' title='bbox 1141 2955 1209 3027; x_wconf 92' lang='lat' dir='ltr'><strong>im-</strong></span> 
     </span>
    </p>
   </div>
   <div class='ocr_carea' id='block_1_4' title="bbox 148 3089 787 3186">
    <p class='ocr_par' dir='ltr' id='par_1_7' title="bbox 148 3089 787 3186">
     <span class='ocr_line' id='line_1_21' title="bbox 148 3089 787 3186; baseline -0.002 -22"><span class='ocrx_word' id='word_1_126' title='bbox 148 3091 356 3181; x_wconf 87' lang='lat' dir='ltr'><strong>mortalitas,</strong></span> <span class='ocrx_word' id='word_1_127' title='bbox 379 3089 526 3163; x_wconf 90' lang='lat' dir='ltr'><strong>miuime</strong></span> <span class='ocrx_word' id='word_1_128' title='bbox 542 3090 787 3186; x_wconf 85' lang='lat' dir='ltr'><strong>intelligeret².</strong></span> 
     </span>
    </p>
   </div>
   <div class='ocr_carea' id='block_1_5' title="bbox 154 3345 1216 3573">
    <p class='ocr_par' dir='ltr' id='par_1_8' title="bbox 154 3345 1216 3573">
     <span class='ocr_line' id='line_1_22' title="bbox 184 3345 1216 3421; baseline -0.004 -24"><span class='ocrx_word' id='word_1_129' title='bbox 184 3352 203 3397; x_wconf 90' lang='lat' dir='ltr'><strong>l.</strong></span> <span class='ocrx_word' id='word_1_130' title='bbox 224 3348 327 3411; x_wconf 78' lang='lat' dir='ltr'><strong>Frngm.</strong></span> <span class='ocrx_word' id='word_1_131' title='bbox 336 3346 369 3395; x_wconf 87' lang='lat' dir='ltr'><strong>ad</strong></span> <span class='ocrx_word' id='word_1_132' title='bbox 380 3346 502 3409; x_wconf 83' lang='lat' dir='ltr'><strong>Chrysip.</strong></span> <span class='ocrx_word' id='word_1_133' title='bbox 512 3351 536 3396; x_wconf 80' lang='grc'><strong>7.</strong></span> <span class='ocrx_word' id='word_1_134' title='bbox 547 3374 575 3382; x_wconf 97' lang='grc'>-</span> <span class='ocrx_word' id='word_1_135' title='bbox 588 3350 611 3397; x_wconf 78' lang='lat'><strong>2.</strong></span> <span class='ocrx_word' id='word_1_136' title='bbox 624 3346 670 3396; x_wconf 81' lang='lat' dir='ltr'><strong>Est</strong></span> <span class='ocrx_word' id='word_1_137' title='bbox 680 3349 767 3397; x_wconf 85' lang='lat' dir='ltr'><strong>tanren</strong></span> <span class='ocrx_word' id='word_1_138' title='bbox 775 3347 850 3397; x_wconf 86' lang='lat' dir='ltr'><strong>locus</strong></span> <span class='ocrx_word' id='word_1_139' title='bbox 863 3346 958 3409; x_wconf 85' lang='lat' dir='ltr'><strong>(Helen.</strong></span> <span class='ocrx_word' id='word_1_140' title='bbox 967 3359 992 3395; x_wconf 84' lang='lat' dir='ltr'><strong>v.</strong></span> <span class='ocrx_word' id='word_1_141' title='bbox 1008 3346 1087 3421; x_wconf 59' lang='lat' dir='ltr'><strong>low),</strong></span> <span class='ocrx_word' id='word_1_142' title='bbox 1098 3359 1151 3409; x_wconf 90' lang='lat' dir='ltr'><strong>quo</strong></span> <span class='ocrx_word' id='word_1_143' title='bbox 1162 3345 1216 3394; x_wconf 89' lang='lat' dir='ltr'><strong>ani·</strong></span> 
     </span>
     <span class='ocr_line' id='line_1_23' title="bbox 154 3425 1215 3490; baseline -0.005 -12"><span class='ocrx_word' id='word_1_144' title='bbox 154 3442 224 3478; x_wconf 86' lang='lat' dir='ltr'><strong>mam</strong></span> <span class='ocrx_word' id='word_1_145' title='bbox 238 3431 352 3477; x_wconf 81' lang='lat' dir='ltr'><strong>testatur</strong></span> <span class='ocrx_word' id='word_1_146' title='bbox 366 3425 515 3488; x_wconf 81' lang='lat' dir='ltr'><strong>Euripides,</strong></span> <span class='ocrx_word' id='word_1_147' title='bbox 535 3440 687 3490; x_wconf 84' lang='lat' dir='ltr'><strong>quanquam</strong></span> <span class='ocrx_word' id='word_1_148' title='bbox 700 3427 726 3475; x_wconf 89' lang='lat' dir='ltr'><strong>iu</strong></span> <span class='ocrx_word' id='word_1_149' title='bbox 740 3427 838 3477; x_wconf 79' lang='lat' dir='ltr'><strong>aethera</strong></span> <span class='ocrx_word' id='word_1_150' title='bbox 852 3426 984 3484; x_wconf 82' lang='lat' dir='ltr'><strong>diffusam,</strong></span> <span class='ocrx_word' id='word_1_151' title='bbox 1002 3429 1088 3475; x_wconf 88' lang='lat' dir='ltr'><strong>tumen</strong></span> <span class='ocrx_word' id='word_1_152' title='bbox 1100 3425 1215 3488; x_wconf 84' lang='lat' dir='ltr'><strong>aliquam</strong></span> 
     </span>
     <span class='ocr_line' id='line_1_24' title="bbox 154 3508 390 3573; baseline -0.021 -15"><span class='ocrx_word' id='word_1_153' title='bbox 154 3508 252 3573; x_wconf 79' lang='grc' dir='ltr'>γνώμην</span> <span class='ocrx_word' id='word_1_154' title='bbox 273 3520 390 3557; x_wconf 82' lang='lat' dir='ltr'><strong>servare:</strong></span> 
     </span>
    </p>
   </div>
   <div class='ocr_carea' id='block_1_6' title="bbox 278 3642 866 3868">
    <p class='ocr_par' dir='ltr' id='par_1_9' title="bbox 278 3642 866 3868">
     <span class='ocr_line' id='line_1_25' title="bbox 281 3642 838 3701; baseline 0.014 -14"><span class='ocrx_word' id='word_1_155' title='bbox 281 3677 699 3694; x_wconf 86' lang='grc'><strong><em>...........</em></strong></span> <span class='ocrx_word' id='word_1_156' title='bbox 739 3642 769 3694; x_wconf 84' lang='grc' dir='ltr'>Ὁ</span> <span class='ocrx_word' id='word_1_157' title='bbox 783 3652 838 3701; x_wconf 78' lang='grc' dir='ltr'>νοῦς</span> 
     </span>
     <span class='ocr_line' id='line_1_26' title="bbox 278 3720 866 3788; baseline -0.002 -14"><span class='ocrx_word' id='word_1_158' title='bbox 278 3731 327 3775; x_wconf 85' lang='grc' dir='ltr'><strong>τῶν</strong></span> <span class='ocrx_word' id='word_1_159' title='bbox 339 3720 510 3773; x_wconf 74' lang='grc' dir='ltr'>κατθανόντων</span> <span class='ocrx_word' id='word_1_160' title='bbox 526 3728 553 3786; x_wconf 72' lang='grc' dir='ltr'><strong>[ἡ</strong></span> <span class='ocrx_word' id='word_1_161' title='bbox 568 3724 612 3786; x_wconf 86' lang='grc' dir='ltr'><strong>μὲν</strong></span> <span class='ocrx_word' id='word_1_162' title='bbox 625 3725 664 3783; x_wconf 80' lang='grc' dir='ltr'><strong>οὐ,</strong></span> <span class='ocrx_word' id='word_1_163' title='bbox 679 3721 777 3788; x_wconf 77' lang='grc' dir='ltr'>γνώμην</span> <span class='ocrx_word' id='word_1_164' title='bbox 792 3727 866 3788; x_wconf 78' lang='grc' dir='ltr'>δ’ἐχιι</span> 
     </span>
     <span class='ocr_line' id='line_1_27' title="bbox 279 3803 820 3868; baseline 0 -14"><span class='ocrx_word' id='word_1_165' title='bbox 279 3805 411 3860; x_wconf 76' lang='grc' dir='ltr'>ἀθάνατον,</span> <span class='ocrx_word' id='word_1_166' title='bbox 424 3803 457 3858; x_wconf 78' lang='grc' dir='ltr'><strong>εἰς</strong></span> <span class='ocrx_word' id='word_1_167' title='bbox 471 3804 592 3853; x_wconf 66' lang='grc' dir='ltr'>ἀθάνατον</span> <span class='ocrx_word' id='word_1_168' title='bbox 608 3804 681 3868; x_wconf 70' lang='grc' dir='ltr'><strong>αἰθέρ’</strong></span> <span class='ocrx_word' id='word_1_169' title='bbox 697 3803 820 3866; x_wconf 71' lang='grc' dir='ltr'><strong>ἐμπεσών,</strong></span> 
     </span>
    </p>
   </div>
   <div class='ocr_carea' id='block_1_7' title="bbox 155 3939 1221 4172">
    <p class='ocr_par' dir='ltr' id='par_1_10' title="bbox 155 3939 1221 4172">
     <span class='ocr_line' id='line_1_28' title="bbox 155 3939 1219 4003; baseline -0.01 -6"><span class='ocrx_word' id='word_1_170' title='bbox 155 3948 394 3997; x_wconf 77' lang='lat' dir='ltr'><strong>Subobscuriorem</strong></span> <span class='ocrx_word' id='word_1_171' title='bbox 420 3946 601 3995; x_wconf 84' lang='lat' dir='ltr'><strong>tamen-huuc</strong></span> <span class='ocrx_word' id='word_1_172' title='bbox 622 3946 710 3996; x_wconf 87' lang='lat' dir='ltr'><strong>locum</strong></span> <span class='ocrx_word' id='word_1_173' title='bbox 729 3961 787 3997; x_wconf 83' lang='lat' dir='ltr'><strong>esse</strong></span> <span class='ocrx_word' id='word_1_174' title='bbox 808 3947 974 3998; x_wconf 79' lang='lat' dir='ltr'><strong>confitemur.</strong></span> <span class='ocrx_word' id='word_1_175' title='bbox 997 3940 1136 4003; x_wconf 78' lang='lat' dir='ltr'><strong>Quomodo</strong></span> <span class='ocrx_word' id='word_1_176' title='bbox 1149 3939 1219 3989; x_wconf 86' lang='lat' dir='ltr'><strong>eninr</strong></span> 
     </span>
     <span class='ocr_line' id='line_1_29' title="bbox 155 4012 1221 4092; baseline -0.009 -16"><span class='ocrx_word' id='word_1_177' title='bbox 155 4029 210 4077; x_wconf 85' lang='lat' dir='ltr'><strong>lieri</strong></span> <span class='ocrx_word' id='word_1_178' title='bbox 225 4030 312 4092; x_wconf 83' lang='lat' dir='ltr'><strong>potest</strong></span> <span class='ocrx_word' id='word_1_179' title='bbox 327 4029 365 4083; x_wconf 90' lang='lat' dir='ltr'><strong>ut,</strong></span> <span class='ocrx_word' id='word_1_180' title='bbox 382 4027 470 4073; x_wconf 72' lang='lat' dir='ltr'><strong>ruente</strong></span> <span class='ocrx_word' id='word_1_181' title='bbox 484 4012 538 4075; x_wconf 88' lang='lat' dir='ltr'><strong>noa</strong></span> <span class='ocrx_word' id='word_1_182' title='bbox 548 4025 603 4088; x_wconf 83' lang='lat' dir='ltr'><strong>jam</strong></span> <span class='ocrx_word' id='word_1_183' title='bbox 616 4026 728 4084; x_wconf 76' lang='lat' dir='ltr'><strong>virente,</strong></span> <span class='ocrx_word' id='word_1_184' title='bbox 744 4028 870 4090; x_wconf 83' lang='lat' dir='ltr'><strong>perduret</strong></span> <span class='ocrx_word' id='word_1_185' title='bbox 884 4024 1027 4087; x_wconf 66' lang='lat' dir='ltr'><strong>copinam?</strong></span> <span class='ocrx_word' id='word_1_186' title='bbox 1042 4021 1139 4073; x_wconf 75' lang='lat' dir='ltr'><strong>[nicus</strong></span> <span class='ocrx_word' id='word_1_187' title='bbox 1153 4024 1221 4067; x_wconf 83' lang='lat' dir='ltr'><strong>relo-</strong></span> 
     </span>
     <span class='ocr_line' id='line_1_30' title="bbox 155 4103 1107 4172; baseline -0.004 -16"><span class='ocrx_word' id='word_1_188' title='bbox 155 4122 213 4156; x_wconf 89' lang='lat' dir='ltr'><strong>ruur</strong></span> <span class='ocrx_word' id='word_1_189' title='bbox 228 4109 301 4156; x_wconf 65' lang='lat' dir='ltr'><strong>liaeus</strong></span> <span class='ocrx_word' id='word_1_190' title='bbox 314 4111 363 4159; x_wconf 81' lang='lat' dir='ltr'><strong>est.</strong></span> <span class='ocrx_word' id='word_1_191' title='bbox 381 4106 406 4153; x_wconf 88' lang='lat' dir='ltr'><strong>iu</strong></span> <span class='ocrx_word' id='word_1_192' title='bbox 422 4118 475 4167; x_wconf 87' lang='lat' dir='ltr'><strong>quo</strong></span> <span class='ocrx_word' id='word_1_193' title='bbox 489 4107 612 4156; x_wconf 84' lang='lat' dir='ltr'><strong>Socratici</strong></span> <span class='ocrx_word' id='word_1_194' title='bbox 628 4108 822 4170; x_wconf 84' lang='lat' dir='ltr'><strong>aliquantulum</strong></span> <span class='ocrx_word' id='word_1_195' title='bbox 838 4105 1000 4172; x_wconf 79' lang='lat' dir='ltr'><strong>deprehendi</strong></span> <span class='ocrx_word' id='word_1_196' title='bbox 1014 4103 1107 4169; x_wconf 80' lang='lat' dir='ltr'><strong>possit.</strong></span> 
     </span>
    </p>
   </div>
   <div class='ocr_carea' id='block_1_8' title="bbox 0 0 1366 4718">
    <p class='ocr_par' dir='ltr' id='par_1_11' title="bbox 0 0 1366 4718">
     <span class='ocr_line' id='line_1_31' title="bbox 0 0 1366 4718; baseline 0 0"><span class='ocrx_word' id='word_1_197' title='bbox 0 0 1366 4718; x_wconf 95' lang='lat' dir='ltr'><strong> </strong></span> 
     </span>
    </p>
   </div>
  </div>
 </body>
</html>
