2706 4718
618 456 664 470 -
680 424 737 488 ra
764 460 811 471 -
872 489 874 493 ,
982 439 986 448 ·

186 571 312 663 phum,
329 591 425 640 nunc
444 569 489 640 ad
503 574 642 665 poetam
654 538 799 666 proprie
813 569 956 658 cadunt,
970 566 1092 640 eadem
1107 565 1249 661 utrique

190 703 234 777 ab
255 703 489 798 Aristophane
508 702 627 799 objici.

234 839 409 921 Quorsum
430 836 524 907 enim
543 835 719 932 imprimis
738 838 859 911 Nubes
878 838 1056 934 pertinent
1070 845 1096 910 ‘t
1108 841 1248 925 Nonne,

187 969 215 1041 si
236 991 308 1041 rem
324 973 455 1040 attente
474 968 676 1065 perspicias,
699 976 736 1041 ut
754 970 914 1043 noverint
930 971 1079 1043 Athenae
1095 969 1251 1043 maxime

161 1120 164 1132 ’
187 1101 441 1197 corruptricem
470 1123 544 1174 esse
570 1101 719 1195 Socratis
741 1103 977 1200 disciplinam,
1010 1105 1142 1201 quippe
1167 1127 1251 1200 quaa

186 1236 575 1330 antiquitustraditam
605 1236 829 1310 instituenda
858 1237 1105 1311 adolescentia
1140 1238 1248 1311 ratio-

188 1391 283 1458 nem,
300 1391 342 1442 ex
362 1392 432 1462 qua
449 1375 498 1441 tot
517 1368 677 1464 praeclari
697 1369 759 1440 viri
781 1369 1030 1461 effloruissent,
1053 1371 1249 1460 sustulerit,

189 1502 335 1598 ejusque
355 1500 530 1574 suffecerit
540 1501 576 1572 in
589 1501 707 1574 locum
720 1524 844 1574 novam
860 1504 1051 1599 quamdam
1064 1510 1098 1577 et
1114 1503 1254 1600 sophis-

180 1635 294 1720 ,ticam
314 1633 518 1707 instituendi
539 1635 630 1707 viam
652 1642 688 1707 et
707 1635 892 1723 rationem,
920 1658 1052 1733 exque
1078 1636 1255 1710 discerent

74 1828 76 1832 ,
183 1771 331 1865 juvenes
348 1769 407 1864 jus
432 1768 476 1840 ad
504 1791 539 1840 so
569 1791 704 1865 rapere,
729 1768 887 1842 firmiora
910 1770 1060 1842 infirmis
1083 1780 1250 1861 evertere,

189 1904 342 2000 captiosa
367 1902 519 1998 denique
544 1901 791 1998 probabilitate
816 1903 863 1977 ita
879 1904 1043 2000 judicum
1066 1905 1118 1978 vel
1140 1906 1254 2003 plebis

188 2038 326 2112 animos
346 2036 496 2125 irretire,
524 2043 563 2108 ut
585 2034 753 2133 pessimas
775 2059 895 2111 causas
918 2039 1113 2112 vincerent.
1144 2039 1254 2123 Quid-

189 2172 276 2269 quid
295 2172 338 2245 de
357 2193 394 2244 re
411 2172 504 2267 cogit
490 2176 539 2243 tat
565 2171 818 2266 Aristophanes
842 2173 945 2268 ipse
936 2198 973 2245 rn
993 2172 1152 2247 medium
1173 2199 1255 2272 pro

189 2306 269 2394 fert,
291 2305 376 2378 dum
396 2305 479 2381 Just
465 2317 539 2377 tom
555 2304 695 2377 inducit
719 2304 884 2378 traditam
906 2305 949 2378 ab
968 2305 1123 2402 antiquis
1144 2307 1256 2416 disci-

188 2409 323 2546 plinam
338 2438 486 2511 summis
501 2438 667 2511 laudibus
688 2443 745 2512 ort
731 2438 954 2512 tkollentem

152 2560 154 2564 Α
237 2576 329 2660 Quid
344 2597 424 2648 vero
443 2574 478 2646 in
500 2575 639 2649 Rauca?
664 2575 696 2647 Si
723 2597 903 2646 summum
924 2598 1012 2671 opus
1036 2570 1143 2647 mo'do
1161 2573 1258 2648 deli-

190 2709 263 2798 bes,
283 2709 386 2804 longe
400 2708 471 2781 alio
491 2709 668 2781 comicum
684 2713 823 2803 poetam
838 2709 1044 2804 spectavisse
1055 2707 1253 2805 judicabis:

192 2865 273 2915 nam
295 2842 332 2913 in
354 2864 426 2914 una
445 2841 569 2914 sabula·
584 2842 626 2915 de
646 2841 882 2938 philosophia,
905 2841 942 2912 in
962 2841 1071 2916 altera
1093 2843 1136 2914 dc
1163 2841 1257 2927 litte,-

194 2976 240 3047 ris
263 2975 318 3070 agi
343 2973 493 3046 videtur.
518 2944 662 3046 Omissis
684 2982 803 3047 tarnen
828 2975 870 3047 iis
892 2998 971 3071 quae
998 2975 1135 3072 singula
1159 2978 1255 3073 apud

193 3108 395 3205 Euripidem
410 3107 497 3180 adeo
509 3107 627 3208 festive
639 3113 735 3179 notat
750 3106 1015 3202 Aristophanes,
1030 3109 1058 3180 si
1070 3130 1144 3180 rem
1156 3111 1257 3206 peni-

190 3250 246 3316 tus
266 3239 496 3338 perspexeris
519 3241 647 3313 senties
673 3240 847 3338 imprimis
864 3233 1070 3335 Euripidem
1088 3238 1125 3310 in
1145 3262 1187 3313 eo
1204 3264 1257 3313 ro-

176 3380 358 3477 prehondi
374 3379 467 3475 quod
479 3380 536 3452 ille
548 3379 583 3451 in
595 3380 736 3453 Runise
746 3377 1014 3467 scena,velutin
1024 3377 1187 3452 Nubibus
1198 3380 1259 3452 So-

190 3518 300 3586 crates
318 3535 337 3585 e
354 3518 484 3609 sporta,
498 3481 569 3585 non
582 3513 647 3584 nisi
659 3533 765 3609 prava
777 3511 1034 3606 perdocuerat&
1053 3509 1146 3593 Quid
1161 3509 1258 3582 eninr

191 3646 235 3719 de
250 3635 429 3740 tragoediae
449 3653 597 3717 munere
619 3651 733 3717 censet
754 3642 1034 3735 Aristophanes?
1051 3641 1257 3737 AEsohqlum

191 3781 307 3875 ipsum
327 3779 512 3851 docentem
535 3777 671 3851 inducit
690 3775 910 3871 praecipuum
936 3784 1023 3849 esse’
1038 3784 1075 3846 nt
1100 3776 1252 3871 tragicus

228 4087 247 4133 l.
263 4083 330 4134 blod.
347 4100 370 4134 v.
385 4087 430 4134 983
440 4088 467 4135 et
481 4098 537 4149 sqq.
551 4085 593 4135 ed.
607 4083 694 4134 Didot.
710 4110 739 4119 -
752 4085 775 4133 2.
790 4082 868 4149 Bona
882 4100 907 4136 v.
924 4053 984 4135 1030
1000 4088 1027 4134 et
1041 4099 1100 4150 sqq.
