2706 4718
585 449 778 518 -·31-

224 597 313 652 Fratri
327 602 424 652 autem
436 597 543 669 injusto
558 597 724 668 praestiteris
738 580 989 666 benevolentiam,

222 686 262 751 (ld
282 687 345 756 erit)
365 690 457 758 turpe,
478 689 506 742 te
526 701 625 741 omnes
646 685 762 756 quidem
781 685 905 742 dior'nas
925 703 973 742 res
991 703 1177 760 capnosccre,
1268 741 1271 745 Δ

221 775 254 829 Et
273 791 307 830 ea
326 791 389 846 quae
409 778 523 830 suntet
543 791 607 847 quae
627 789 686 827 non
706 776 783 843 sunt,
797 773 885 846 jaste
904 790 973 830 vero
994 773 1139 847 iquorare
1158 777 1178 831 ¹.

196 921 267 993 Nec
290 915 438 993 miretur
460 919 648 1016 quisquam
672 919 713 1009 si,
741 918 963 1016 pbilosophis
981 919 1145 1017 plurimis
1175 919 1212 992 in

144 1051 215 1127 hoc
233 1075 254 1127 a
272 1057 413 1129 Socrate
433 1052 741 1145 dissentientibus,
759 1053 807 1126 ila
820 1053 857 1125 in
879 1053 1078 1128 fabularum
1101 1055 1210 1130 varie-

146 1194 216 1263 tate
234 1211 321 1285 quas
340 1189 525 1286 Euripides
539 1188 723 1286 expressit,
746 1187 924 1263 contraria
941 1211 1046 1263 causa
1064 1175 1180 1286 agitur
1199 1215 1208 1264 ε

144 1345 300 1421 namque
330 1325 427 1398 adest
458 1323 519 1397 ille
540 1311 748 1421 Hippolytus
778 1321 838 1421 qui
860 1346 981 1399 secum
1007 1325 1207 1416 consentit,

147 1456 233 1531 dum
262 1457 470 1554 sapientiam
484 1457 521 1530 in
554 1458 692 1547 natura,
725 1481 797 1531 non
816 1457 945 1533 inerte
966 1461 1093 1533 versari
1121 1484 1211 1558 pro-

150 1592 276 1667 clamat
298 1619 307 1667 :

225 1746 322 1802 Pudor
335 1762 403 1801 vero
420 1745 510 1818 (illud)
524 1745 535 1780 ²
549 1744 681 1800 fluviatili
698 1761 762 1800 rore
776 1745 886 1818 irrigat.

219 1833 273 1900 Oui
284 1834 356 1889 nihil
371 1834 489 1889 edoctus
502 1834 557 1889 fuit
571 1837 695 1906 (διδακτὸν
708 1839 802 1906 μηδέν),
822 1834 871 1889 sed
886 1851 920 1890 ex
934 1822 1044 1890 ‘natura

219 1922 395 1994 Sapientiam
410 1921 535 1977 sortibus
548 1925 576 1977 et
590 1921 620 1975 in
638 1922 773 1977 omnibus
788 1921 873 1976 rebus
892 1939 1015 1995 semper,

216 2009 261 2064 illi
274 2008 426 2082 decerpere
441 2009 525 2066 flores
541 2010 618 2078 licet,
635 2010 717 2065 malis
731 2026 798 2065 vero
813 2010 892 2065 netas
909 2014 953 2066 est
968 2012 988 2066 ³.
1030 2043 1032 2049 ·

198 2154 315 2239 Quum
331 2154 439 2227 virtus
458 2157 495 2226 in
515 2153 660 2227 scientia
680 2162 839 2227 constare
853 2155 984 2229 Socrati
1003 2162 1075 2229 tota
1092 2157 1212 2230 videa-

150 2295 219 2379 tur,
251 2289 412 2386 sequitur
437 2297 568 2365 rectam
588 2290 836 2364 educationem
866 2292 912 2365 ad
930 2290 1094 2365 virtutem
1115 2293 1211 2365 mul-

149 2426 224 2495 tum
243 2422 369 2497 valere.
394 2427 471 2521 lpse
489 2423 526 2498 id
544 2446 653 2521 prope
674 2449 786 2497 unum
807 2424 1030 2499 sermonibus
1054 2425 1210 2500 eniteba-

147 2560 204 2627 tur
223 2562 263 2629 ut
284 2556 367 2630 recti
388 2556 598 2651 honestique
630 2559 804 2644 notitiam,
829 2561 936 2655 quod,
961 2559 988 2631 si
1013 2560 1208 2658 planepcr-

143 2674 351 2787 spiceretur,
380 2688 638 2765 «incredibiles
657 2699 797 2767 amores
810 2724 824 2760 e
847 2694 1052 2785 concitaret,
1068 2695 1209 2792 penitus

142 2823 269 2908 animis
289 2823 509 2897 audientium
531 2825 703 2921 inligcret.
723 2830 789 2901 Pro
805 2827 965 2903 moribus
982 2852 1070 2926 quos
1085 2836 1211 2905 natura

144 2962 205 3028 aut
237 2981 321 3029 usus
348 2964 409 3029 aut
446 2965 644 3031 ceterorum
683 2963 900 3037 conversatio
932 2963 1036 3053 iacit,
1068 2988 1209 3039 morum

144 3088 325 3162 scientiam
348 3088 513 3177 instituit,
537 3113 630 3186 quae,
659 3116 771 3188 quum
792 3094 837 3167 sit
861 3098 1048 3195 perspicua
1067 3105 1099 3172 et
1122 3123 1210 3174 con-

142 3228 250 3314 stane,
273 3231 474 3319 acertaque
493 3224 629 3299 ratione
654 3228 910 3324 proficiscatur,
932 3231 1043 3306 elficit
1063 3241 1103 3308 ut
1123 3258 1226 3309 nos-·

141 3360 204 3428 trae
221 3358 376 3432 actiones
394 3382 483 3432 verae
504 3359 623 3433 virtuti
644 3373 853 3460 congruant.

186 3495 288 3579 Quod
307 3495 453 3592 quidem
474 3518 546 3569 non
564 3497 612 3569 ita
630 3521 805 3596 expresse,
829 3500 891 3575 sed
912 3523 985 3603 non
1002 3503 1122 3579 minus
1138 3505 1210 3582 sor-

141 3622 221 3698 titer
240 3627 446 3721 pronuntiat
464 3637 583 3704 noster
602 3639 704 3729 poeta
726 3659 734 3706 :

336 3779 452 3835 Diversa
464 3787 531 3838 sunt
544 3784 663 3856 ingenia
678 3783 855 3857 mortalium,

333 3868 493 3927 Dissimiles
508 3876 538 3927 et
556 3875 685 3931 moribus
704 3893 710 3930 :
726 3875 795 3931 recti
810 3894 877 3933 vcro

173 4035 194 4082 t.
210 4031 264 4082 Hel.
278 4048 303 4082 v.
317 4039 428 4087 oreore.
446 4064 475 4072 -
493 4041 517 4089 2.
535 4040 642 4090 Pratum
658 4041 775 4105 intellige
794 4043 822 4093 iu
843 4058 897 4110 quo
915 3997 1073 4114 Hippolytus
1085 4050 1207 4103 flosculos

141 4111 267 4163 delibavit
279 4114 370 4166 Dianai
384 4115 543 4169 offerendos.
562 4147 591 4156 -
608 4124 631 4172 3.
645 4121 722 4186 aipp.
738 4134 765 4171 v.
779 4125 858 4177 lata.
