2706 4718
582 479 775 548 -39-
862 475 864 479 ’

302 627 377 681 tlaro
392 624 493 679 urbem
512 628 541 679 et
554 624 609 680 fori
626 617 770 696 attingens
785 624 932 691 circulum,

300 714 464 786 Operaeius,
480 712 530 785 qni
547 719 574 769 et
589 714 643 769 soli
659 717 771 768 serrant
790 713 943 787 civitatem,

299 809 405 861 Acutus
421 808 519 860 autem
534 805 664 859 cominus
678 805 719 858 iro
735 803 919 875 disputando,
938 821 1028 876 quum
1041 806 1113 872 vult,

300 896 423 966 Integer,
441 893 491 965 qui
505 894 681 965 inculpatam
696 892 767 948 vixit
780 893 869 948 vitam
885 894 904 947 ¹.

192 1053 243 1123 De
264 1070 334 1144 qua
353 1070 392 1120 re
406 1046 552 1120 difficile
567 1054 619 1120 est
634 1046 843 1142 senteutiam
864 1046 967 1119 terro.
992 1049 1110 1141 Longe
1122 1045 1212 1120 abe-

144 1188 196 1254 rat
212 1189 248 1254 ut
269 1182 428 1254 Socrates
449 1203 528 1255 raro
548 1181 584 1253 in
602 1182 790 1254 hominum
810 1180 922 1254 oculis
943 1189 1045 1270 esset,
1069 1189 1107 1254 ut
1124 1205 1209 1256 con·

143 1324 209 1406 tra
231 1324 376 1390 auctore
396 1316 644 1413 Xenophonte,
662 1339 767 1390 mane
790 1317 835 1389 ad
850 1317 927 1392 loca
950 1316 1212 1392 deambulatio-

143 1450 249 1524 nibus
265 1449 437 1524 destinata
457 1459 628 1547 pergeret,
647 1460 694 1540 et,
724 1475 836 1547 quum
859 1452 1024 1547 frequens
1042 1460 1133 1526 esset
1152 1455 1212 1528 lo-

146 1609 244 1674 rum,
278 1584 541 1680 conspiceretur
576 1585 612 1657 in
645 1584 810 1682 publico,
852 1586 1103 1685 reliquumque
1139 1588 1209 1661 diei

144 1720 282 1815 degeret
308 1716 366 1790 ubi
389 1718 551 1790 loturum
572 1727 661 1792 esset
685 1727 723 1792 ut
742 1719 835 1792 inter
853 1719 1030 1815 plurimos
1050 1745 1210 1797 versarc-

146 1859 236 1925 tur2.
257 1855 328 1925 Nec
341 1860 512 1949 praeterea
526 1853 685 1926 Socrates
700 1860 841 1943 αὐτουργός
857 1853 923 1927 dici
935 1859 1062 1951 potest,
1078 1857 1210 1954 quippe

145 1987 205 2080 qui
240 2008 313 2058 non
342 2009 489 2082 agrum,
520 1986 581 2058 sod
606 1986 797 2082 aequalium
829 1986 965 2061 animos
998 1987 1210 2083 ingeniaque

144 2121 330 2196 excoleret.
366 2125 497 2196 Forsan
524 2128 641 2195 tamen
665 2144 706 2195 ea
735 2123 911 2219 interjecit
941 2123 1141 2219 Euripides,
1172 2129 1210 2196 ut

144 2256 221 2329 laus
237 2255 387 2329 Socratis
400 2279 472 2328 non
490 2255 557 2328 nisi
572 2256 762 2352 ingeniosis
774 2266 807 2330 et
823 2255 960 2330 callidis
974 2262 1063 2328 esset
1078 2254 1211 2329 intelli-

141 2389 257 2486 genda
274 2414 283 2462 ε
301 2413 383 2463 uam
401 2411 443 2462 ex
458 2388 520 2461 illa
539 2411 699 2486 expressa
713 2390 865 2486 imagine
879 2389 915 2461 id
930 2394 1039 2462 exstat
1055 2387 1151 2483 quod
1164 2387 1210 2459 ad

144 2526 324 2597 Socratem
344 2524 604 2598 accommodari
625 2532 752 2622 potest,
775 2524 959 2598 hominem
987 2522 1119 2595 scilicet
1144 2521 1209 2593 ha·

145 2655 220 2730 bitu
241 2657 411 2754 vultuque
431 2656 533 2754 longe
554 2658 672 2730 miuus
697 2682 770 2754 prae
789 2679 825 2731 se
852 2657 943 2730 serre
972 2657 1115 2731 solitum
1135 2679 1210 2730 esse

146 2814 253 2889 quam
266 2792 308 2863 in
329 2791 448 2864 auimo
463 2791 641 2865 clauderet
659 2818 667 2864 :
682 2793 785 2865 'unde
796 2791 979 2890 aliquoties
995 2815 1078 2865 cum
1089 2791 1208 2865 Sileno

146 2929 305 3000 Socrates
318 2903 437 3040 'laceto
456 2928 728 3025 comparabatur
741 2925 766 3001 ³.

180 3191 201 3236 t.
215 3190 296 3237 Orest.
309 3203 333 3236 v.
347 3191 458 3240 tlt-923.
477 3215 506 3224 -
524 3193 546 3238 2.
560 3191 635 3238 Mem.
649 3190 667 3238 l.
680 3192 701 3250 1,
718 3205 739 3238 c.
755 3202 772 3238 1.
792 3216 821 3224 -
837 3191 861 3237 3.
877 3188 906 3236 V.
917 3187 998 3236 Corra.
1012 3181 1137 3234 Plutonia.
