2706 4718
574 469 621 481 -
649 433 693 501 27
721 467 769 479 -

141 588 297 654 mantur.
322 579 475 654 Credere
497 587 613 653 tamen
633 579 716 653 licet
734 601 804 652 non
825 575 1005 675 popularis
1020 576 1127 680 modo
1146 599 1209 649 cu·
1311 643 1313 646 Α

137 717 280 815 jusdam
319 715 512 812 sapientie,
552 713 611 788 sed
640 713 809 788 certioris
831 710 1036 806 altiorisque
1067 732 1209 784 morum

143 851 340 949 disciplinae
371 850 512 947 vestigia
541 849 577 923 in
595 848 651 922 bis
679 841 857 945 Euripidis
888 844 1106 920 carminibus
1135 845 1209 917 im-

144 1008 389 1086 prpssaesse:

338 1152 427 1206 Nemo
446 1165 574 1221 unquam
588 1149 712 1221 injustus
723 1148 886 1204 fortunatus
900 1147 965 1212 fuit,

259 1301 263 1307 ,
338 1241 391 1297 Sed
404 1241 435 1296 in
447 1239 560 1313 J'ustitia
577 1256 641 1312 spes
656 1243 699 1295 est
718 1238 816 1294 salutis
831 1243 851 1295 ¹.

191 1383 242 1458 Sit
263 1383 406 1481 quidem
422 1381 611 1457 verisimile
629 1385 809 1456 Socratem
824 1382 875 1455 sic
889 1380 1049 1456 locutum
1070 1382 1204 1458 luisse:

145 1519 275 1592 namsi
300 1519 576 1616 Xenophontem
601 1517 778 1606 audimus,
800 1539 872 1590 non
888 1518 1060 1612 quosdam
1079 1539 1208 1590 recen-

144 1653 249 1727 tiores
284 1651 478 1726 subtilioris
509 1651 643 1746 ingenii
679 1651 740 1747 qui
779 1653 957 1725 Socratem
991 1651 1071 1748 plus
1104 1675 1208 1748 aequo

142 1795 336 1866 sternutare
362 1787 509 1878 iaciunt,
531 1808 670 1884 semper
688 1786 723 1859 in
753 1787 937 1884 praeceptis
961 1785 1112 1860 Socratis
1135 1785 1208 1860 inc-

144 1931 195 1996 rat
222 1921 401 2019 quoddam
419 1945 531 2018 genus
542 1930 757 2012 ἐυδαιμονισμοῦ,
774 1924 876 2020 cujus
895 1920 929 1994 id
949 1920 1115 2019 propium
1134 1927 1209 1994 erat

144 2063 183 2129 ut
202 2055 352 2129 colenda
380 2054 585 2128 hominibus
611 2056 720 2130 virtus
749 2063 1010 2156 proponeretur
1032 2052 1208 2151 imprimis

144 2197 291 2288 propter
320 2189 466 2286 praemia
498 2214 577 2287 quae
604 2213 683 2264 eam
719 2191 755 2264 in
791 2191 868 2288 ipsa
891 2190 958 2263 rita
993 2196 1204 2286 sequuntur.

145 2323 306 2420 Exempli
327 2345 444 2413 causa,
468 2323 604 2397 dicebat
634 2326 793 2398 Socrates
815 2322 905 2396 nibil
933 2346 1010 2396 esse
1029 2322 1207 2397 commodi

143 2482 184 2533 ex
208 2458 406 2533 amicorum
435 2457 690 2549 benevolentia,
722 2459 789 2531 nisi
810 2459 916 2532 etiam
945 2458 1110 2556 prodesse
1129 2481 1210 2556 pos

143 2593 213 2668 sint
235 2596 263 2671 ².
301 2595 502 2691 Additque,
544 2624 560 2662 u
590 2618 814 2692 quaecunque
844 2594 898 2668 rel
922 2617 1050 2667 manus
1080 2588 1208 2690 cuique

143 2729 433 2820 subministrent,
455 2729 509 2805 rel
533 2730 629 2804 oculi
647 2729 899 2828 prospiciant,
919 2728 971 2803 vel
999 2751 1103 2802 aures
1123 2734 1205 2803 ante

142 2861 351 2960 percipiant,
374 2861 427 2936 rel
447 2863 610 2958 adjuvent
632 2862 752 2958 pedes,
779 2861 816 2934 in
831 2861 931 2935 nulla
945 2885 1068 2935 earum
1088 2885 1208 2937 rerum

143 2995 293 3070 benetici
320 2999 424 3071 amici
451 2998 654 3072 inferiorem
692 3021 769 3072 esse
801 3021 947 3094 operam
970 2998 995 3072 ³.
1028 3029 1043 3066 u
1079 3002 1210 3074 lntem-
1249 2996 1253 3006 '

142 3143 323 3232 parantem
354 3134 469 3208 virum
496 3141 594 3209 notat
620 3135 694 3232 qui,
729 3165 744 3202 «
771 3142 810 3209 ut
829 3141 963 3208 ceteros
993 3133 1208 3208 detrimento

143 3270 265 3358 allicit,
289 3271 337 3343 ita
364 3243 521 3367 seipsum
548 3270 662 3344 multo
681 3271 791 3367 magis
811 3268 916 3342 laedat
936 3269 970 3356 ⁴;
992 3298 1008 3335 u
1035 3267 1206 3363 ignoran-

142 3403 227 3476 tiam
258 3404 498 3501 reprehendit,
543 3434 558 3471 «
581 3427 661 3500 quae
687 3405 730 3476 sit
761 3404 795 3476 io
824 3401 985 3476 omnium
1017 3405 1205 3496 contemp-

142 3544 178 3610 tu
202 3547 227 3610 ⁵.
248 3567 264 3604 u
289 3538 450 3634 Denique
469 3541 641 3627 Socrates,
682 3544 720 3610 ut
741 3537 833 3610 inter
870 3533 1064 3634 pulchrum
1081 3541 1115 3607 et
1136 3531 1205 3606 bo-

144 3694 245 3759 num,
263 3671 311 3744 ita
325 3671 417 3744 inter
430 3669 564 3745 bonum
576 3678 610 3745 ot
620 3671 706 3745 utile
717 3670 985 3743 nibilintercsse
999 3667 1211 3752 arbitratur,

190 3808 302 3890 Quam
316 3805 462 3902 quidem
477 3805 711 3902 praedicandae
726 3805 861 3878 virtutis
879 3803 1051 3877 rationem
1062 3807 1206 3898 propter

173 4038 193 4083 l.
209 4035 262 4083 ttrt.
279 4051 303 4084 ν.
321 4040 380 4086 1030
395 4039 421 4084 ct
437 4040 503 4086 lost.
522 4066 546 4073 -
559 4042 581 4088 2.
595 4037 731 4086 ttrmorot.
748 4039 764 4086 l.
782 4039 801 4090 l.
814 4052 836 4086 θ.
847 4052 874 4086 tt.
887 4065 914 4072 —
930 4039 952 4085 3.
967 4034 1033 4086 lltid.
1050 4035 1066 4082 l.
1085 4033 1116 4085 ll.
1130 4046 1152 4081 c.
1165 4045 1199 4082 tv·

140 4146 166 4156 ν
186 4123 207 4172 t.
225 4119 290 4169 thid.
304 4119 321 4168 l.
337 4121 355 4180 l,
372 4134 394 4165 r.
411 4132 434 4169 ν,
446 4146 474 4155 -
490 4123 512 4167 5.
527 4119 593 4169 thid.
610 4119 626 4168 l.
643 4121 686 4171 lll.
700 4136 723 4171 c,
738 4135 769 4170 tt.
