2706 4718
575 509 623 520 ..
651 473 694 540 ng
722 509 768 521 ..
799 507 802 513 ,

191 623 305 705 Quam
329 619 491 693 eamdem
516 619 745 706 sententiam,
778 617 923 692 ut'mihi
952 621 1103 711 videtur,
1135 645 1207 694 non

143 778 226 829 sane
246 753 442 851 Sophoclea
468 754 607 826 dicendi
623 755 803 850 gravitate,
824 756 885 842 sed
900 753 999 851 qnasi
1016 730 1161 854 oblique
1176 769 1209 831 et

145 885 348 958 minutatim
371 887 513 960 exhibet
548 887 745 984 Euripides,
779 882 828 963 ita
860 894 978 989 tamen
1003 898 1040 962 ut
1067 892 1211 987 agnosci

22 1113 31 1122 ἱ
145 1019 253 1118 possit
274 1042 283 1097 ε
303 1042 387 1093 nam
407 1021 565 1117 quamvis
580 1044 651 1094 non
672 1022 780 1095 semel
798 1030 899 1119 poeta
916 1024 1088 1120 significet
1098 1024 1211 1123 legem

145 1156 269 1230 mobili
284 1157 499 1253 populorum
519 1157 683 1253 suffragio
703 1159 883 1248 constitui,
906 1161 943 1233 in
957 1161 1035 1234 aliis
1052 1161 1206 1258 quibus-

146 1290 227 1362 dam
259 1290 359 1378 locis,
393 1292 608 1366 Socraticam
643 1266 1054 1389 disciplinamsecutus,
1089 1281 1211 1368 asserit

144 1451 263 1525 neque
284 1429 315 1501 vi
339 1451 456 1524 neque
479 1448 585 1499 manu
608 1449 752 1500 omnem
778 1429 966 1506 homiuum
983 1436 1129 1519 coetum,
1151 1429 1212 1502 sed

137 1566 218 1660 jure
238 1563 326 1638 bene
347 1565 522 1660 descripto
537 1563 670 1637 sociare
688 1586 802 1660 posse.
827 1565 884 1637 Sic
905 1564 1082 1638 Tiresias:

233 1783 416 1798 .......
431 1741 484 1796 Sed
499 1736 579 1809 mihi,
597 1740 736 1809 Pentheo,
757 1738 849 1809 crede,

231 1834 271 1888 Ne
284 1831 342 1885 vim
359 1830 398 1903 (τὸ
412 1830 510 1899 κράτος)
524 1830 614 1901 jactes
630 1829 707 1899 apud
720 1829 852 1884 homines
866 1830 960 1907 valere

233 1923 340 1990 Neque,
356 1919 380 1973 si
393 1917 509 1991 quidem
524 1918 667 1972 existimes
687 1917 751 1988 (tua
764 1935 830 1973 vero
847 1917 943 1990 opinio
960 1917 1111 1990 salvane),

235 2010 339 2080 Sapere
354 2008 513 2080 quidquam
527 2011 556 2061 te
570 2011 653 2078 putes
673 2008 681 2041 1
685 2048 1068 2067 .........

146 2166 219 2234 Hac
235 2161 322 2257 lege,
340 2161 552 2257 sempiterna
572 2166 606 2232 et
621 2148 849 2249 immutabili,
866 2161 997 2258 quippe
1012 2162 1193 2256 quae'natu

146 2319 193 2367 rae
211 2301 395 2392 congruat,
417 2316 539 2367 omnes
559 2299 679 2389 gentes
705 2295 957 2392 comprehendi
984 2320 1055 2370 non
1075 2297 1212 2394 ignorat

144 2430 332 2528 Euripides
348 2453 356 2502 :

352 2611 392 2667 Et
408 2609 465 2664 illic
482 2609 577 2682 turpia
592 2613 620 2664 et
639 2609 685 2664 hic
700 2609 821 2664 dedecus
837 2610 946 2664 habeut
962 2575 996 2664 2..

145 2763 376 2859 eamdemque
389 2771 427 2835 ut
440 2761 649 2864 ⁴hominibus
670 2763 717 2835 ita
735 2761 899 2859 diis-ipsis
917 2762 1092 2858 imperare
1114 2788 1122 2835 :

306 2975 308 2979 ·
358 2940 412 2996 Sed
427 2940 466 2994 dii
479 2939 566 3010 validi
580 2943 656 3008 sunt,
673 2943 700 2995 et
716 2941 834 2994 illorum
850 2940 969 2995 domina

362 3029 430 3102 (Est)
447 3030 516 3084 lex³
520 3069 903 3086 .........

146 3184 213 3280 legi
233 3183 505 3263 deindecertam
521 3183 711 3278 quamdam
726 3181 796 3252 vim
813 3189 938 3254 natura
956 3181 1069 3256 inesse
1084 3182 1119 3254 in
1135 3165 1213 3255 rec-

87 3406 89 3409 .
147 3317 189 3389 tis
208 3316 643 3420 pravisquesancieudis:
680 3368 682 3373 -

360 3537 366 3550 .
389 3541 395 3552 .
418 3538 424 3550 .
448 3538 454 3564 2
475 3537 482 3549 .
506 3536 512 3548 .
535 3535 542 3550 .
563 3491 711 3566 Temporis
726 3494 801 3548 enim
818 3510 876 3548 non
891 3494 1025 3549 sustinuit

358 3586 437 3641 Vires
451 3585 591 3657 respicere
661 3578 662 3581 ’
725 3655 730 3664 Ι

285 3718 288 3724 .
358 3675 466 3746 Legum
485 3678 675 3745 contemptor,
691 3688 781 3745 quum
794 3671 939 3745 iniquitati
954 3672 1093 3745 indulget.

361 3763 456 3835 Fregit
471 3763 552 3836 (ipse)
567 3763 710 3819 felicitatis
724 3761 840 3833 nigrum
857 3778 973 3817 cursum
991 3762 1011 3820 ⁴.

181 4057 206 4102 1.
220 4051 311 4100 Bacch.
327 4067 353 4100 v.
366 4056 477 4104 309-311.
493 4016 562 4102 -1,
579 4050 702 4100 Androm.
714 4064 739 4099 v,
755 4052 809 4100 211.
828 4078 855 4086 -
875 4054 897 4100 3.
914 4049 1005 4100 Herod.
1022 4064 1047 4097 v.
1062 4051 1106 4099 199
1119 4050 1145 4097 et
1161 4049 1216 4098 800.

151 4162 180 4169 -
198 4134 221 4183 1,
234 4135 306 4182 Herc.
323 4135 377 4198 sura
395 4149 419 4182 v.
435 4135 546 4183 roo-784.
