2706 4718
580 451 626 462 ..
654 414 699 483 34
726 453 772 462 -

144 562 216 633 suis
249 560 499 658 cupiditatibus
533 561 730 648 indulserit,
768 583 851 633 curn
885 559 1072 655 pessimam
1103 561 1209 633 servi-

143 702 253 781 tutem
270 697 411 785 servire,
436 697 569 769 nedum
587 695 689 770 liberi
706 696 768 768 viri
792 718 922 768 nomen
942 696 1007 769 sibi
1032 697 1114 791 juro
1134 697 1208 767 vin-

143 832 234 907 dicet
257 836 281 903 ¹.
314 835 392 904 Non
419 840 538 904 tamen
565 831 697 906 idcirco
724 831 976 932 affirmaverim
1003 832 1040 904 in
1059 840 1210 928 utroque

143 964 221 1039 lucu
237 951 373 1062 aliquid
388 988 409 1038 a
424 972 527 1061 poeta
541 968 584 1040 de
599 966 776 1040 Socratica
793 967 980 1066 disciplina
999 967 1108 1041 fuisse
1125 967 1212 1040 deli-

145 1097 283 1172 batum.
1019 1089 1021 1100 ’
1150 1183 1153 1190 ,

193 1233 296 1307 Haud
319 1233 392 1306 scio
414 1257 458 1306 an
485 1233 670 1330 Euripides
693 1235 838 1332 propius
862 1237 1048 1349 Socratem·
1071 1236 1211 1308 accedat

40 1363 41 1366 ’
142 1367 179 1440 in
213 1368 393 1442 sententiis
427 1393 506 1465 quae
536 1370 582 1442 ad
616 1370 784 1443 familiam
822 1369 1021 1466 pertinent,
1060 1370 1209 1444 exclusis

105 1550 110 1556 ·
142 1508 262 1576 tamen
281 1501 471 1576 verborum
490 1504 715 1578 contumeliis
736 1529 815 1600 qua
833 1504 941 1579 illein
956 1505 1116 1596 laminas,
1131 1512 1207 1601 apte

138 1644 176 1709 'ot
195 1637 325 1748 inepte,
348 1638 484 1714 comica
504 1638 655 1735 quadam
671 1639 915 1735 indignatione
934 1639 1075 1735 ingerit.
1100 1637 1205 1712 Nobis

36 1752 39 1759 ¹
75 1811 77 1815 ·
141 1780 260 1845 autem
276 1772 415 1868 dignior
434 1772 609 1847 videbitur
625 1774 686 1868 qui
702 1797 783 1846 cum
802 1776 944 1847 Socrate
957 1780 1202 1872 componatur,

143 1906 259 2002 quum
289 1930 367 1980 earn
394 1908 472 1981 vitae
503 1908 704 1981 domesticae
736 1910 954 1982 sanctitatem
986 1909 1203 2006 praedicabit,
1238 1907 1240 1909 ’

143 2063 185 2113 ex
203 2063 273 2135 qua
293 2047 427 2114 constat
445 2048 520 2112 tum
541 2043 724 2137 penatium
741 2043 865 2150 decus,
888 2014 1167 2140 tnmsanguinis
1186 2065 1205 2114 a

142 2170 347 2267 parentibus
366 2173 410 2245 ad
429 2170 558 2245 liberos
574 2174 691 2247 traditi
713 2175 800 2248 fides
815 2183 848 2248 et
864 2174 1057 2249 sinceritas.
1083 2180 1204 2249 Nonne

143 2311 309 2384 Socratici
330 2311 523 2409 quidquam
544 2313 581 2385 in
600 2314 655 2387 his
675 2314 832 2388 versibus
852 2316 994 2411 agnosci
1013 2315 1153 2413 possit?

219 2492 282 2545 Non
297 2494 339 2544 est
352 2491 407 2545 hoc
420 2489 567 2562 pulchrius
581 2491 667 2548 decus
679 2492 775 2549 liberis

222 2580 313 2646 Quam
327 2582 435 2652 epatre
450 2579 525 2635 bono
541 2582 665 2654 fortique
682 2585 764 2637 natos
779 2599 851 2650 esse,

218 2671 252 2724 Et
271 2669 373 2724 ducere
391 2686 495 2725 uxores
516 2688 550 2725 ex
569 2672 663 2747 honis.
684 2671 739 2737 Qui
757 2688 836 2742 vero,
856 2672 947 2727 victus
967 2672 1097 2742 libidine,

221 2759 293 2813 Cum
305 2757 390 2813 malis
407 2775 436 2814 se
452 2759 609 2830 conjunxit,
626 2760 712 2832 (eum)
728 2777 786 2814 nou
801 2761 942 2829 laudabo,

219 2846 301 2912 Quod
319 2847 415 2902 liberis
434 2849 621 2919 opprobrium
641 2845 795 2927 uoluptatis
809 2867 894 2905 causa
912 2851 1060 2922 reliquerit
1075 2851 1096 2904 Ξ.
1196 2857 1197 2861 ’

145 3006 250 3103 atque
265 3001 302 3072 in
316 3000 371 3074 his
386 3001 492 3074 etiam
516 2996 525 3073 :'
595 3057 597 3061 .

216 3177 299 3242 Quod
313 3178 499 3234 inhonestum
515 3182 566 3248 cst,
587 3195 736 3251 nunquam
755 3180 788 3235 fit
805 3180 977 3250 honestum3

218 3269 315 3340 Neque
328 3267 406 3341 (sint)
424 3269 476 3323 filii
491 3272 590 3324 contra
604 3269 646 3325 fas

133 3399 136 3405 .
216 3358 313 3413 Matris
326 3361 438 3430 partus,
453 3358 699 3430 opprobriumque
715 3360 805 3431 patris
823 3361 844 3414 ³.

196 3511 298 3596 Quod
323 3512 367 3584 ad
394 3511 540 3586 feminas
566 3513 658 3608 ipsas
686 3519 832 3609 spectat,
855 3521 948 3610 patet
969 3515 1212 3612 Euripidema

148 3665 185 3717 se
203 3643 280 3740 ipso
298 3631 450 3719 multum
471 3646 640 3736 dissidere
657 3671 665 3719 ε
687 3668 770 3718 narn
790 3647 849 3742 qui
879 3648 916 3720 in
944 3649 1125 3723 universas
1145 3671 1212 3746 pe-

35 3793 37 3796 ⁴
147 3777 304 3854 tulanter
327 3781 526 3874 invehatur,
555 3781 702 3855 adeunt
726 3779 946 3876 Iphigeniam
971 3783 1117 3859 inducat
1143 3784 1212 3856 hu-

78 4025 80 4031 ’
123 4038 126 4044 ’
180 4057 202 4105 r.
218 4055 293 4107 nem.
309 4055 327 4120 ι,
341 4059 382 4119 rv,
398 4073 420 4109 e.
436 4073 460 4111 v.
478 4088 507 4096 -
525 4063 548 4111 2.
563 4058 662 4110 nauci.
678 4075 703 4110 v.
717 4063 827 4113 ror-aon.
844 4091 873 4099 -
893 4066 916 4114 a.
930 4062 1041 4113 namra.
1054 4077 1079 4112 v.
1095 4063 1209 4113 arr-an.
