2706 4718
578 474 623 486 ..
653 437 697 505 54
724 472 770 487 .-

192 585 295 672 Quod
313 584 342 656 si
359 605 401 656 ea
419 605 497 677 quae
514 581 611 654 Plato
632 581 667 653 in
689 580 896 678 popularem
918 577 1122 674 religionem
1139 601 1194 651 ar-

142 725 309 818 gumenta
326 723 486 812 torqueat
508 715 734 804 contraxeris,
757 714 855 787 hisce
875 711 1013 786 duobus
1032 737 1072 788 ea
1091 715 1197 788 eonti-

145 854 220 926 nori
241 851 368 925 senties
391 875 399 922 :
422 849 535 945 primo
565 849 735 922 moralem
753 848 880 944 legem,
903 871 1016 943 quum
1035 849 1079 921 sit
1096 847 1197 922 abso-

73 991 75 999 '
144 990 219 1062 luta
245 993 351 1079 atque
378 975 552 1070 universa,
575 981 673 1055 haud
690 982 817 1089 'minus
843 981 888 1054 ad
918 982 1000 1055 deos
1026 1004 1132 1077 quam
1157 982 1198 1054 ad

142 1122 306 1197 homines
330 1121 518 1219 pertinere,
541 1144 656 1217 neque
675 1122 781 1195 aliam
808 1145 883 1196 esse
910 1122 989 1212 diis,
1013 1121 1118 1195 aliam
1137 1121 1196 1195 ho·

134 1254 300 1328 'minibus
328 1253 528 1327 officiorum
555 1248 733 1350 regulam1
745 1283 755 1355 3
779 1256 905 1330 deinde
924 1257 1096 1353 cujusque
1116 1258 1197 1331 reli-

141 1389 254 1486 gionis
275 1412 379 1460 usum
401 1389 437 1460 in
459 1389 576 1462 divino
596 1389 786 1487 exemplari
805 1389 977 1464 imitando
996 1389 1139 1475 versari,
1160 1412 1199 1462 ex

143 1545 213 1617 quo
231 1521 326 1594 effici
344 1527 395 1610 ut,
416 1521 443 1593 si
462 1523 665 1629 presumsit
681 1523 873 1619 exemplar,
891 1523 927 1594 in
947 1524 1048 1619 pejus
1063 1500 1211 1620 quoque

140 1679 256 1730 mores
284 1655 470 1729 hominum
499 1653 638 1744 abeant,
671 1634 745 1729 nee⁰
768 1656 963 1752 quidquam
993 1655 1197 1752 subsitquo

142 1800 237 1865 certa
255 1790 417 1887 quaetlam
437 1789 652 1863 educationis
668 1789 756 1864 ratio
777 1786 1043 1863 constituatur².

193 1921 378 2018 Euripides
398 1928 516 1994 autem
537 1921 623 2016 quid
644 1921 770 1994 dixerit
789 1899 1032 1995 attendamus:

146 2107 151 2115 ·
198 2096 257 2166 Ego
271 2109 338 2147 vero
354 2092 421 2147 deos
436 2107 530 2162 nequo
544 2092 696 2146 connubiis
712 2092 871 2164 illegitimis
913 2080 916 2086 ¹

194 2181 333 2240 Delectari
341 2187 424 2252 puto,
440 2184 468 2236 et
481 2181 594 2236 vincula
608 2182 724 2253 injicere
742 2180 876 2237 manibus

193 2273 291 2343 Neque
310 2269 470 2325 existimavi
482 2287 620 2343 uuquam,
637 2287 730 2342 neque
745 2271 872 2340 credam,

197 2362 253 2416 Nee
264 2359 387 2415 alterum
402 2355 518 2416 alterius
533 2361 684 2416 dominnm
702 2364 803 2415 natum
818 2377 879 2416 esse
896 2378 902 2416 :

197 2449 310 2521 ludiget
324 2449 401 2505 enim
416 2450 495 2518 deus,
512 2450 536 2505 si
551 2450 669 2523 quidem
682 2450 777 2523 reipsa
791 2452 834 2504 est
844 2449 924 2518 deus,

199 2540 326 2607 Nominis
343 2557 349 2596 :
366 2544 517 2612 poetarum
537 2539 630 2612 (sunt)
648 2541 693 2596 hae
712 2539 823 2594 miserae
835 2540 938 2595 fabulae
952 2539 1079 2611 (δύστηνοι
1093 2536 1168 2608 illm}
1183 2544 1203 2589 3-

194 2686 318 2756 Nonne
338 2682 419 2756 satis
444 2691 562 2779 aperte
581 2683 724 2756 auditur
741 2683 839 2778 quasi
855 2705 920 2756 vox
943 2681 1017 2778 ipsa
1035 2679 1201 2752 humanae

144 2817 380 2905 couscientia,
403 2815 627 2889 reclamantis
643 2816 802 2912 quidem,
824 2839 888 2912 pro
906 2816 982 2911 lege
998 2813 1138 2902 morali,
1160 2834 1204 2884 ne

144 2952 191 3025 dii
220 2975 299 3049 quae
333 2950 482 3049 jubeant
512 2951 837 3048 transgrediantur,
873 2972 992 3046 quaeve
1022 2955 1201 3042 transgre-

144 3085 287 3160 diantur
302 3085 475 3181 jubeant?
494 3089 564 3159 Nec
589 3085 726 3159 dubitat
744 3094 844 3182 poeta
864 3082 1071 3158 seutentiam
1092 3081 1196 3168 serre,

143 3241 225 3290 nam
246 3219 509 3315 Amphitryon:

110 3431 112 3436 Ι
214 3367 324 3423 Virtute
338 3371 367 3423 te
382 3385 496 3441 supero,
516 3371 644 3425 mortalis
660 3386 724 3442 ego,
753 3368 838 3424 deum
852 3383 991 3441 magnum
1005 3367 1028 3420 l.
1076 3339 1081 3351 ’

139 3521 247 3610 utque
267 3512 373 3585 etiam
390 3515 451 3585 lon
476 3538 483 3584 :

213 3659 362 3726 Quomodo
377 3659 467 3731 igitur
480 3676 596 3731 aequum
610 3665 652 3715 est
666 3677 725 3728 vos,
741 3659 790 3731 qui
805 3660 880 3732 loges
895 3659 1063 3716 mortalibus

213 3748 378 3820 Scripsistis,
394 3749 471 3820 ipsos
485 3752 646 3820 spretorum
661 3751 757 3821 legum
772 3752 936 3806 roos'esse‘l

133 3834 137 3842 ’
213 3839 331 3906 Slvom,
348 3837 418 3909 (non
434 3837 511 3892 enim
525 3838 596 3910 liet),
612 3855 743 3893 sermono
758 3842 854 3893 autem
870 3843 944 3908 utar,

174 3995 195 4041 l.
213 3993 244 4043 V.
259 3993 403 4058 Euthyplrr.
417 4023 446 4031 -
461 3998 484 4044 2.
499 3997 528 4045 V.
541 3995 647 4060 Respub.
662 4001 688 4046 el
702 3999 762 4062 Ley.
776 4026 805 4034 -
820 4002 842 4049 3.
857 4000 928 4048 llere.
949 4000 1002 4062 for.
1017 4011 1042 4045 v.
1062 3999 1204 4047 loll-loll.
1245 3960 1249 3965 <

142 4102 171 4110 -
190 4077 213 4124 4.
225 4075 262 4124 ld.
276 4090 300 4125 v,
312 4079 366 4126 342.
