2706 4718
576 475 769 540 -44-

141 624 304 720 quadam
323 618 538 717 deprehendi
554 628 701 716 possunt
719 643 789 716 quo
805 620 853 693 dii
870 620 993 693 eadem
1007 619 1084 716 lege
1098 645 1203 717 quam

142 760 376 834 condiderunt
396 756 709 854 ipsiteuehuntur.
731 761 807 843 Qua
827 758 950 830 saltem
976 760 1013 830 in
1035 781 1073 831 re
1105 760 1206 831 Euri-

143 893 241 990 pides
253 875 406 989 propius*
417 890 609 976 Socratem,
628 914 734 987 quam
750 892 824 989 ipse
840 892 1043 989 Sophocles,
1060 894 1206 967 accedit.

194 1162 238 1231 ΙΙ.
269 1158 376 1232 Nobis
396 1181 491 1230 nunc
515 1156 755 1254 quarentibus
775 1182 819 1232 an
842 1158 1029 1256 Euripides
1048 1160 1209 1236 in-rebus

147 1292 332 1390 praecipuis
359 1316 439 1388 qua
463 1293 508 1366 ad
530 1292 705 1365 civitatem
729 1292 910 1389 pertinent
925 1267 1103 1389 ¹quaedam
1130 1315 1209 1364 cum

146 1431 287 1502 Socrate
308 1428 511 1500 communia
530 1427 670 1518 haheat,
689 1428 879 1501 videndum
901 1394 946 1501 ne
966 1426 1219 1523 Xenophontis·

147 1563 341 1636 Platonisve
378 1563 537 1659 proprias
580 1562 763 1659 opiniones
800 1562 845 1634 ad
878 1563 994 1660 ipsum
1032 1564 1207 1635 Socratem

147 1697 397 1769 transieramus
423 1695 590 1767 :namin
619 1695 830 1792 disputando
851 1696 894 1768 de
917 1719 955 1769 re
976 1695 1082 1784 civili,
1113 1719 1209 1768 suam

146 1841 294 1927 uterquc
319 1831 473 1927 speciem
495 1828 642 1903 civitatis
662 1829 759 1924 quasi
782 1829 900 1915 animo
919 1831 1088 1920 intuetur,
1109 1831 1157 1902 ita
1174 1837 1211 1902 ut

148 1968 192 2041 de
213 1966 389 2039 Socratica
408 1965 475 2053 via,
498 1987 605 2058 qoam
630 1971 778 2060 uterque
803 1965 902 2060 sequi
928 1990 964 2038 se
987 1966 1206 2061 profiteatur,

148 2075 339 2195 sepissime
356 2097 529 2170 deflectat.
543 2099 639 2168 Patet
658 2119 727 2169 non
750 2097 828 2170 ficri
847 2119 947 2193 posse
970 2104 1006 2169 nt
1026 2096 1208 2178 Platonem

147 2235 184 2305 iu
215 2257 256 2306 eo
286 2231 365 2305 loco
396 2231 582 2303 Socratica
618 2229 786 2302 doctrina
818 2237 943 2304 testem
975 2231 1209 2326 proferamus.

147 2366 312 2452 Quamvis
332 2371 450 2437 autem
470 2363 702 2460 Xenophonti
717 2366 830 2460 major
843 2365 930 2436 fides
943 2362 1144 2437 adhibenda
1157 2365 1211 2452 sit,

148 2523 211 2573 sua
230 2506 265 2573 et
284 2499 335 2571 illi
348 2498 460 2573 ocutis
475 2500 681 2573 obversatur
701 2500 878 2596 perfecta,
897 2505 936 2571 ut
949 2497 1129 2594 opinatur,
1151 2498 1216 2572 rei-

148 2633 314 2734 publicae,
338 2636 469 2709 seilicet
488 2634 852 2722 Lacedaemoniorum,
885 2633 1014 2728 image,
1039 2633 1084 2706 ad
1110 2656 1214 2729 quam

150 2771 416 2846 describendam
437 2778 471 2845 et
498 2770 818 2845 commendandam
839 2767 1024 2864 aliquoties
1045 2767 1216 2840 adductus

152 2907 218 2979 suit
236 2914 272 2979 ut
286 2906 443 3002 magistri
459 2905 562 2978 rerba
573 2904 781 2977 inflecteret.
801 2903 834 2976 Si
850 2901 928 2998 quis
945 2906 1066 2974 tamen
1087 2900 1215 2974 Merno-

149 3040 275 3113 radr'lr'a
300 3038 521 3136 pervolverit,
554 3031 717 3133 quadam
744 3035 861 3117 statim
876 3047 1041 3130 agnoscet
1070 3056 1150 3129 qua
1173 3031 1215 3104 ah
1246 3065 1251 3074 ·

149 3176 225 3272 ipso
248 3173 484 3270 Xenophonte
509 3171 697 3268 excogitari
729 3195 801 3246 non
829 3175 1033 3265 potuerunt,
1062 3168 1211 3263 ideoque

151 3333 228 3384 vere
249 3312 428 3383 Socratem
449 3309 601 3406 sapiunt.
626 3311 714 3381 Sunt
728 3330 769 3380 ea
788 3306 942 3403 primum
960 3327 1040 3400 quae
1055 3310 1089 3376 et
1108 3325 1210 3375 surn-

150 3466 209 3516 ma
235 3443 405 3516 doctrinae
423 3449 457 3516 et
479 3442 621 3538 ingenio
644 3447 678 3514 et
695 3439 791 3513 omni
813 3439 879 3509 rita
899 3437 1052 3511 Socratis
1068 3435 1218 3509 maxime

45 3614 48 3621 r
150 3582 231 3650 sunt
256 3568 477 3663 confirmata,
511 3575 699 3648 deindcea
719 3569 910 3666 dequibus
938 3576 1086 3664 uterque
1114 3568 1220 3641 disci-

130 3711 255 3806 pulus
275 3710 462 3784 consentit.

201 3845 287 3917 iude
307 3843 387 3916 satis
407 3848 542 3915 constat
558 3850 685 3936 (neque
705 3837 904 3934 Xenophon
923 3837 960 3909 in
980 3857 1056 3910 eoa
1075 3835 1220 3908 Platone

154 3977 323 4059 dissentit)
345 3979 524 4050 Socratem
540 3976 610 4048 duo
625 3973 717 4046 inter
737 3996 772 4045 sc
791 3969 902 4045 verbis
918 3969 1165 4067 discrepantia,
1183 3991 1219 4042 rc

153 4117 272 4183 autem
293 4111 486 4196 simillima,
510 4096 707 4182 aversatum
724 4107 845 4196 inisse,
866 4105 999 4178 scilicet
1019 4110 1096 4175 tum
1117 4100 1222 4173 unios
