2706 4718
573 507 620 519 ..
648 473 691 538 ῃ
718 507 766 522 ..

142 621 171 693 si
186 620 358 707 attendas,
381 641 439 692 eos
453 617 599 691 omniuo
613 639 688 690 esse
705 617 902 712 negaverit:
919 630 1001 689 nam
1020 639 1130 689 novus
1147 614 1207 688 ille

143 756 338 829 interorum
363 753 501 849 hospes
520 754 640 848 jussus
659 751 805 847 quidem
825 774 846 825 a
866 752 1004 826 Baccho
1028 751 1135 822 thura
1151 750 1210 822 lo-
1288 793 1291 796 <

143 890 194 962 cis
208 890 403 984 imponere,
420 888 625 983 priusquam
641 909 723 959 cum
731 865 1079 981 AEschyloremagat,
1099 884 1212 957 «alios

142 1021 192 1095 ait
219 1044 295 1094 esse
323 1015 563 1117 deos'quibus
590 1019 778 1116 supplicet,
806 1019 954 1104 scilicet,
980 1018 1111 1090 aethera
1137 1041 1210 1113 quo

145 1162 265 1227 utatur
284 1152 416 1250 pabulo
435 1149 459 1222 ¹.
478 1183 493 1219 ι)

196 1285 304 1358 Aliud
335 1291 398 1372 cst,
428 1285 587 1380 quamvis
615 1284 734 1354 minus
758 1283 876 1356 forsan
902 1284 1145 1379 perspicuum,
1171 1284 1208 1354 in

148 1441 219 1515 quo
241 1418 396 1514 aliquam
423 1417 531 1491 etiam
555 1417 751 1490 insectandi
780 1417 1052 1490 similitudinem
1079 1417 1209 1512 depre-

149 1552 307 1625 hendere
330 1549 433 1624 nobis
453 1550 626 1623 videmur.
649 1553 777 1647 Aperte
796 1550 941 1645 quidem
959 1549 1211 1644 Aristophanes
1234 1589 1244 1609 ·

149 1685 362 1759 Socraticam
383 1684 601 1757 dialecticam
622 1685 721 1781 petit,
739 1685 824 1756 dum
842 1685 1021 1756 Socratem
1041 1712 1061 1773 ¹«
1079 1682 1213 1756 tenuis-

147 1820 318 1892 simarum
343 1839 516 1913 nugarum
541 1816 758 1889 sacerdotem
779 1824 804 1905 ²,
834 1846 849 1882 υ
889 1816 974 1889 dicit
1008 1816 1212 1889 «derebus

84 2009 88 2015 .
150 1948 340 2026 subtilibus
367 1951 546 2046 disputare
574 1948 715 2045 gestire,
745 1948 850 2021 etde
883 1947 982 2021 lumo
1005 1950 1152 2044 garrire,
1179 1960 1213 2023 et

148 2080 361 2155 sententiola
377 2081 622 2155 sententiolam
637 2082 827 2179 pungendo
842 2080 944 2154 altori
962 2081 1113 2155 orationi
1129 2105 1215 2156 con-

149 2222 318 2294 tradicere
335 2238 361 2292 ³.
384 2251 399 2285 »
427 2217 554 2295 Nonne
573 2221 833 2317 propemodum
854 2218 949 2292 idem
969 2218 1122 2314 obiectat
1143 2221 1213 2291 ltu-
1287 2323 1289 2329 Α

151 2354 253 2453 ripidi
275 2354 335 2450 qui
355 2376 426 2426 non
442 2350 512 2424 uisi
524 2353 683 2449 argutias
692 2363 725 2425 et
746 2330 994 2432 cavillationes.
1014 2344 1214 2425 et'se'nten-

150 2488 264 2577 tiolas,
290 2496 323 2561 et
351 2489 537 2562 vorborum
566 2488 714 2584 angulos
737 2497 769 2561 et
795 2487 1034 2584 obliquitateS,
1059 2488 1214 2584 philoso-

148 2623 340 2720 phicosque
354 2623 486 2696 naenias
497 2623 674 2696 subtiliter
693 2630 845 2695 saccatas
864 2623 1049 2718 protulerit
1064 2617 1101 2692 ‘t
1118 2625 1215 2694 Unus

150 2758 294 2854 quidem
312 2758 425 2830 metiri
440 2769 524 2853 quot
535 2757 643 2852 polea
653 2780 732 2829 suos
744 2757 855 2851 ipsius
866 2755 968 2828 saltet
974 2755 1111 2853 peded,
1126 2755 1217 2829 alter

148 2900 269 2965 autem
290 2892 472 2966 uersiculos
485 2891 676 2987 ponderare
694 2890 705 2922 ⁶
727 2892 855 2996 docet..

197 3027 355 3122 Denique
389 3026 621 3099 novissimum
646 3026 735 3099 illud
763 3026 1014 3122 Aristophanes
1043 3025 1125 3098 vitio
1154 3025 1215 3099 dat

155 3161 327 3258 Euripidi,
349 3184 433 3234 eum
454 3162 587 3235 scilicet
604 3184 695 3234 rese
715 3160 832 3233 medio
852 3160 1035 3233 arcessitos
1058 3186 1073 3222 α
1088 3155 1218 3252 quibus

155 3298 288 3369 utimur
306 3307 339 3368 et
359 3279 582 3370 adsuevimus
602 3327 616 3362 υ
642 3298 679 3368 in
702 3313 843 3368 scenam
859 3293 1046 3368 deduxisse
1066 3292 1091 3381 ⁷,
1113 3292 1161 3367 ita
1181 3301 1219 3365 ut

155 3431 400 3527 negotiana
428 3430 573 3503 sublimi
598 3431 677 3504 loco
696 3429 741 3501 ad
762 3427 964 3519 communis
986 3427 1064 3499 vitae
1083 3448 1217 3499 meram

158 3565 428 3638 similitudinem
456 3565 678 3663 depresserit.
706 3563 832 3658 b'cquis
856 3587 928 3639 non
949 3563 1099 3645 miretur
1123 3563 1158 3635 iu
1183 3584 1220 3634 re

158 3697 455 3794 ipsa-Euripidem
474 3698 608 3796 culpari
630 3720 700 3793 qua
716 3695 875 3793 proxime
889 3698 934 3770 ad
955 3699 1135 3770 Socratem
1156 3718 1220 3768 ac-

192 3979 213 4025 l.
230 3976 292 4024 bon.
308 3990 332 4024 V.
351 3978 395 4026 80l
410 3981 437 4026 el
451 3978 504 4026 8⁰2.
522 4003 550 4011 -·
568 3980 591 4027 2.
607 3974 673 4026 Aut.
696 3990 721 4024 v.
742 3977 796 4025 359.
816 4002 844 4012 -
865 3979 888 4027 3.
909 3976 947 4026 ld.
968 3989 992 4024 v.
1013 3976 1058 4024 320
1074 3975 1105 4022 'et
1127 3974 1222 4023 tat.-

160 4061 182 4106 t.
202 4058 263 4106 lton.
278 4072 302 4108 v.
318 4059 364 4106 956
382 4061 408 4106 et
422 4070 480 4120 sqq.
495 4059 522 4104 et
540 4070 609 4119 pass.
630 4084 657 4091 -
679 4059 700 4103 5.
721 4053 786 4103 Nub.
804 4069 827 4104 r.
842 4060 896 4108 tto.
912 4083 940 4092 —
958 4057 981 4103 o.
1002 4054 1064 4102 Rura.
1077 4065 1102 4097 u.
1121 4053 1175 4101 rust
1196 4054 1222 4099 et
1290 4077 1293 4081 -

116 4164 118 4168 .
160 4152 217 4202 opu.
236 4166 264 4174 -
282 4142 306 4189 l.
324 4139 362 4188 ld.
377 4153 402 4186 u.
416 4140 462 4187 ooo
477 4140 503 4185 et
516 4150 572 4199 sqq.
